2690 3197
1306 87 1362 127 11

243 242 358 270 suam
385 242 474 268 rem
502 229 659 275 trabat,
691 232 763 280 (cf.
793 232 927 269 Beier.
957 231 1007 267 ad
1035 231 1118 268 Cic.
1145 229 1260 267 Lael.
1288 235 1362 274 21,
1391 235 1454 275 79.
1484 242 1522 279 p.
1553 235 1639 271 122.
1668 229 1942 275 Lindum-ad
1966 231 2098 269 mant.
2123 232 2215 271 Mil.
2242 235 2345 287 glor.
2365 239 2421 287 Π.

240 290 289 328 2,
321 286 405 324 106.
434 286 558 322 Goer.
587 285 635 321 ad
665 285 783 320 Acad.
812 286 848 320 11
865 312 876 328 ‚
909 287 979 328 16,
1008 289 1073 326 50.
1127 287 1198 328 17,
1227 286 1291 326 53.
1333 288 1403 327 19,
1431 286 1494 325 61.
1536 282 1734 320 Wunder·
1764 284 1814 319 ad
1840 283 1979 321 Planc.
2007 298 2046 333 p.
2073 288 2192 339 406.)
2220 294 2422 338 particula

242 341 291 372 et
328 334 443 372 nullo
480 336 604 373 modo
642 337 780 372 omitti
814 342 959 386 potest.
1013 337 1086 373 Est
1115 334 1229 372 enim
1255 334 1337 371 hee
1364 335 1454 371 loco
1483 335 1777 372 sermocinatio
1808 335 2134 384 elegantissima,
2171 340 2218 376 in
2242 353 2327 391 qua
2353 345 2422 382 ad-

241 389 443 424 v-ersarius
472 390 529 424 sic
559 389 674 435 loqui
702 389 895 437 fingitur:
950 389 1090 424 Poena
1119 394 1179 423 est
1204 388 1250 424 in
1278 387 1358 424 hoc
1385 388 1540 434 iudicio
1569 388 1750 432 tardior,
1792 388 1888 435 quia
1921 396 2040 437 turpe
2077 398 2138 427 est
2163 393 2422 441 iudicinm;“

239 438 293 486 (i.
325 450 357 475 e.
387 440 481 489 quia
508 435 859 477 existimationem
887 439 1036 484 laedit,
1066 439 1100 475 si
1126 439 1428 491 condemnatur
1455 440 1593 489 reus).
1648 439 1749 484 „Est
1777 451 1898 483 vero,
1927 439 2061 488 inquit
2087 441 2258 491 Cicero,
2297 453 2421 498 turpe

236 490 464 534 iudicium,
507 496 548 526 et
582 492 689 529 facto
728 494 895 540 quidem
918 488 1083 540 >turpe“
1121 492 1174 540 (i.
1204 505 1239 528 e.
1278 492 1374 541 quia
1406 493 1587 541 turpiter
1621 492 1723 527 fecit
1757 492 1979 536 Aebutius,
2015 500 2135 543 turpe
2164 505 2224 533 est
2251 498 2303 536 de
2333 501 2421 538 eius

236 541 341 591 facto
370 542 594 588 iudicium,
633 544 802 592 eiusque
832 544 1181 582 existimationem
1207 542 1371 590 laedit.)
1399 564 1451 572 —
1506 543 1788 592 Quamobrem
1823 550 1891 580 aut
1921 543 2097 591 vulgaris
2126 549 2332 598 scriptura
2358 559 2423 589 ent

235 594 478 638 retinenda,
516 602 585 631 aut
611 598 863 645 praepositio
903 609 981 641 ex,
1020 601 1150 644 quam‘
1179 595 1350 632 exhibet
1386 596 1428 632 P.
1457 596 1530 639 T.,
1568 596 1613 631 in
1653 602 1701 632 et
1733 595 1933 632 mutanda
1969 594 2099 644 (quae
2128 602 2423 643 vocabulorum

239 645 424 682 confusio
453 645 563 683 haud
591 660 683 685 rara
713 655 782 684 est.
841 649 952 683 Verr.
981 648 1021 692 I,
1054 652 1125 690 11,
1153 650 1236 698 32)
1267 654 1335 684 aut
1364 655 1414 683 et
1443 648 1672 697 scripturae
1701 647 1850 683 codicis
1878 647 1920 683 P.
1950 646 1998 683 Τ.
2026 648 2280 691 addendum:
2335 656 2421 701 „Et

238 708 289 732 ex
316 697 420 732 facto
452 699 620 745 quidem
647 701 800 747 turpi.“
839 700 1032 735 subaudi:
1070 706 1192 747 turpe
1231 706 1292 735 est
1323 699 1536 735 iudicium.
1592 699 1827 747 Turpitudo
1865 707 2001 735 autem
2038 699 2162 737 huius
2198 705 2420 745 iudiciiin

238 759 286 784 eo
323 755 409 785 erat
453 750 606 799 posita,
657 751 766 801 quod
802 752 886 795 vis,
937 762 1058 799 quam
1094 752 1259 788 armatis
1298 749 1537 788 hominibus
1574 751 1732 787 fecerat
1769 749 1966 787 Aebutius
2005 751 2197 791 adversus
2226 754 2418 798 hominen

232 801 416 838 inermes
446 814 646 853 suumque
673 805 735 841 ius
763 810 1078 853 persequentes,
1117 804 1249 852 turpis
1287 811 1375 840 erat
1410 811 1531 852 atque
1565 803 1810 848 infamabat;
1849 813 1949 839 nam
1983 803 2256 846 interdictum
2294 810 2345 847 de
2369 813 2416 850 ‘vi

234 860 388 890 armata
416 867 492 902 per
521 867 562 891 se
590 868 672 893 non
702 856 948 904 infamabat,
978 862 1024 892 ut
1051 862 1222 892 testatur
1250 856 1450 905 Ulpianus
1478 856 1603 904 Digg·
1632 858 1704 899 113,
1739 858 1810 900 16,
1838 854 1866 891 L
1899 858 1960 897 13.
2014 857 2189 907 „Neque
2215 862 2329 899 unde
2358 865 2412 910 vi,

229 915 365 952 neque
394 906 505 942 aliud
531 909 800 945 interdictum
825 909 1030 944 famosum
1059 913 1160 945 est.“
1214 908 1384 945 Etenim
1412 920 1539 956 quum
1566 908 1786 944 interdicta
1815 919 1866 944 ex
1894 907 1990 943 solis
2016 912 2301 956 sponsionibus
2326 916 2414 954 vim

228 964 451 1006 caperent,
483 971 584 1008 quae
613 961 662 997 ad
689 960 907 1011 pecuniam
933 967 1094 998 tantum
1122 960 1378 1008 spectabant,
1408 971 1494 996 non
1521 967 1713 1010 poterant
1739 958 1965 1004 infamare,
1994 966 2040 996 ut
2066 973 2145 998 nec
2171 963 2250 1002 alia
2274 967 2412 1006 stricti

231 1004 332 1045 iuris
362 1011 468 1047 actio
499 1024 550 1048 ex
580 1020 793 1050 contractu
822 1020 920 1049 orta.
951 1013 1009 1050 Cf.
1028 1012 1209 1050 Huschk.
1238 1013 1289 1050 ad
1317 1019 1416 1050 orat.
1434 1025 1511 1062 pro
1532 1012 1673 1050 Tullio
1702 1015 1841 1064 ‘9494-
1898 1012 2021 1060 Quod
2049 1013 2199 1052 deinde
2224 1018 2410 1059 Orelliufl

233 1073 285 1097 ex
315 1063 429 1099 codd.
457 1064 498 1099 P.
528 1065 574 1101 T.
603 1066 688 1102 Erf.
718 1066 888 1114 aliisque
919 1066 1192 1102 vindicari
1218 1075 1294 1114 pro
1324 1065 1489 1114 vulgata
1517 1066 1720 1114 scriptura
1747 1064 1986 1101 iudicari
2022 1072 2114 1114 post
2143 1067 2409 1112 Schuetzuim

230 1113 276 1148 in
320 1114 544 1153 verborum
587 1118 778 1154 ordinem
823 1118 1026 1166 reposuit,
1076 1118 1245 1154 firmant
1289 1124 1373 1153 t-res
1422 1117 1537 1153 codd.
1575 1116 1804 1161 Vindobb.,
1851 1116 1923 1163 qui
1961 1123 2104 1154 tamen
2139 1120 2276 1168 paullo
2310 1130 2407 1161 ante

229 1167 619 1209 „maturissime
647 1169 932 1206 iudicanda
961 1173 1065 1205 est“
1094 1169 1271 1212 habent,
1300 1169 1373 1206 ubi
1401 1180 1453 1205 ex
1481 1168 1595 1205 codd.
1622 1169 1665 1205 P.
1687 1168 1737 1205 Τ.
1766 1173 1809 1204 et
1835 1166 1922 1205 Etr.
1950 1168 2274 1208 vindicanda
2298 1174 2407 1214 bene

229 1218 410 1253 restituit
431 1220 625 1257 Orellius.
674 1223 744 1258 De
772 1222 906 1258 forma
926 1221 1167 1269 superlativi
1194 1222 1533 1265 maturrime,
1564 1233 1668 1269 quae
1687 1221 1733 1256 in
1753 1232 1837 1257 uno
1862 1220 2005 1257 codice
2026 1221 2158 1259 Oxon.
2177 1224 2403 1273 invenitur,

230 1268 289 1304 sic
329 1276 487 1306 veteres
521 1274 785 1321 praecipiunt
821 1274 1106 1322 grammatici:
1160 1273 1369 1321 Sosipater
1408 1272 1618 1309 Charisius
1654 1285 1691 1322 p.
1720 1275 1785 1315 89.
1824 1271 1887 1308 ed.
1916 1271 2080 1309 Putsch.
2134 1275 2404 1319 „Invenimus

229 1327 400 1365 „tamen
430 1323 555 1361 etiam
584 1325 693 1374 apud
721 1332 908 1362 auctores
937 1325 1253 1361 maturrime
1289 1324 1610 1369 adverbialiter,
1648 1335 1775 1372 quum
1813 1323 1961 1360 debeat
1994 1327 2404 1371 maturissime.“

225 1372 422 1411 Priscian.
450 1375 520 1414 lib.
551 1377 631 1421 111,
662 1390 700 1427 p.
726 1380 819 1419 656.
851 1377 912 1414 ed.
940 1376 1103 1415 Putsch.
1131 1389 1169 1426 p.
1200 1378 1286 1419 116.
1315 1376 1376 1414 ed.
1403 1375 1545 1413 Krehl.
1602 1375 1848 1424 „Excipitur
1877 1376 2003 1414 etiam
2038 1381 2401 1430 matur-rimus,

226 1427 369 1468 „cuius
400 1438 494 1464 curn
522 1430 719 1476 positivus
749 1431 799 1464 sit
828 1436 1034 1472 maturus,
1063 1436 1204 1465 tamen
1233 1430 1347 1477 quasi
1375 1440 1398 1464 a
1423 1430 1681 1464 nominativo
1709 1434 1868 1472 matur,
1900 1429 1970 1475 qui
1997 1440 2112 1466 nunc
2137 1431 2184 1467 in
2211 1444 2288 1470 usu
2313 1446 2401 1472 non

224 1484 325 1522 ,‚est‚
356 1487 556 1525 nascatur,
584 1482 629 1518 in
659 1495 703 1519 er
733 1481 1009 1518 desinentium
1038 1481 1226 1531 regulam
1254 1481 1443 1525 servavit,
1472 1480 1515 1517 id
1544 1486 1616 1525 est,
1645 1480 1690 1516 in
1716 1480 1845 1517 rimus
1864 1479 2126 1520 terminatur.
2181 1483 2403 1525 Invenitur

226 1538 396 1574 „tamen
441 1535 564 1570 etiam
612 1535 1007 1571 maturissimus
1055 1535 1279 1570 secundum
1317 1534 1553 1581 analogiam
1588 1534 1634 1568 in
1670 1544 1715 1569 us
1751 1532 2080 1571 terminantium.
2156 1536 2311 1574 Cicero
2347 1540 2401 1577 ad

225 1582 516 1626 „Herennium
545 1587 588 1621 in
619 1588 784 1634 quinto:
822 1587 919 1632 (lv,
962 1591 1031 1631 17,
1068 1585 1163 1635 25.)
1238 1585 1440 1634 Quibus
1478 1584 1772 1621 virtutibus
1813 1596 2018 1622 omnem
2053 1588 2201 1624 tue-ri
2234 1589 2400 1631 vitam

226 1634 484 1683 „possi'nt,
526 1650 606 1673 eas
637 1641 689 1674 in
719 1645 898 1675 aetate
927 1639 1292 1674 maturissima
1320 1637 1496 1673 velint
1521 1641 1879 1684 comparare.“
1934 1637 2162 1681 Praeterea,
2186 1640 2400 1682 iuvenitur

223 1685 326 1723 haec
355 1689 596 1735 superlativi
623 1691 759 1725 forma
796 1690 1110 1725 maturrime
1149 1689 1278 1725 semel
1314 1695 1477 1724 tantum
1515 1688 1624 1735 apud
1652 1688 1899 1723 Ciceronem
1927 1689 1977 1723 de
2006 1690 2118 1724 Orat.
2146 1691 2231 1734 III,
2270 1693 2305 1739 ς.
2333 1700 2397 1738 74,

225 1739 317 1775 coll.
349 1739 476 1776 Tacit.
507 1743 611 1778 Anu.
640 1743 681 1785 Ι,
709 1744 773 1783 63.
813 1742 912 1786 XII,
937 1744 1006 1783 65.
1048 1741 1142 1784 XV,
1172 1745 1233 1785 711.
1287 1739 1403 1777 Caes.
1432 1740 1478 1776 B.
1511 1741 1562 1777 G.
1590 1740 1631 1784 Ι,
1660 1742 1725 1781 33.
1777 1738 1834 1775 Μ.
1861 1738 1964 1776 Cato
2001 1740 2157 1778 duobus
2195 1742 2296 1780 locis
2332 1759 2397 1797 ap.

222 1790 351 1839 Sosip.
381 1790 535 1828 Charis.
565 1800 605 1830 et
634 1793 795 1830 Sallust.
821 1805 887 1843 ap.
917 1793 1097 1830 eundem
1131 1805 1169 1842 p.
1203 1794 1290 1834 18i1.
1343 1791 1484 1841 Aburel.
1510 1791 1616 1827 vict.
1648 1791 1727 1826 Vit.
1752 1790 1868 1828 Caes.
1893 1795 1969 1837 24,
2002 1796 2041 1833 2.
2076 1816 2129 1826 ....
2192 1795 2397 1836 Similiter

222 1840 363 1880 statim
389 1852 480 1890 post
509 1848 573 1881 Ac
601 1846 643 1880 si
682 1858 733 1881 ex
763 1846 852 1884 cod.
883 1846 927 1881 P.
958 1846 1030 1887 T.,
1070 1858 1249 1891 quocum
1278 1844 1470 1891 congruit
1496 1842 1769 1887 Erfurtensis,
1808 1843 1916 1880 bene
1943 1845 1989 1880 in
2017 1845 2239 1884 verborum
2261 1853 2394 1887 conti-

209 1894 463 1933 nuationem
500 1898 656 1946 recepit
684 1896 887 1941 Orellius3
924 1902 1007 1933 tres
1045 1896 1247 1933 Vindobb.
1286 1897 1346 1932 At
1382 1894 1426 1931 si
1465 1893 1675 1932 exhibent.
1730 1893 1811 1932 Sed
1848 1895 1958 1946 quod
1995 1894 2030 1944 §.
2055 1899 2095 1938 8.
2133 1909 2389 1943 „anroag

221 1949 467 1983 actione“
506 1957 546 1983 et
583 1951 616 1994 ἓ.
644 1955 680 1990 9.
718 1961 1024 1992 „znvroamvr
1062 1951 1355 1984 actionem“
1393 1948 1551 1990 edidit,
1587 1949 1632 1982 in
1660 1960 1709 1982 eo
1747 1960 1835 1983 non
1861 1960 2028 1995 possum
2062 1960 2148 1983 non
2177 1951 2391 1990 dissentire

222 2011 244 2036 a
275 1999 362 2036 viro
393 1999 651 2046 doctissimo,
691 2012 940 2049 quamquam
979 1999 1029 2037 de
1066 1997 1145 2037 hac
1181 1999 1409 2049 scripturae
1448 1997 1685 2036 diversitate
1720 1997 1861 2048 paullo
1899 2005 1960 2036 est
1987 1997 2205 2039 defficilius
2234 2007 2418 2061 certani-

217 2052 356 2086 faeere
377 2052 591 2095 iudicium,
619 2059 709 2087 tum
726 2060 897 2099 propter
917 2053 1179 2098 frequentem
1207 2052 1508 2086 adiectivorum
1536 2052 1674 2085 lenis
1704 2058 1745 2085 et
1772 2051 1911 2086 levis
1941 2054 2305 2091 commutationem
2330 2058 2388 2105 ¹⁹¹),

217 2110 307 2141 tum
343 2110 514 2153 propter
551 2104 745 2153 exiguam
782 2103 1003 2142 notionum
1040 2101 1343 2148 differentiam,
1381 2114 1559 2152 quarum
1593 2108 1769 2152 utraque
1803 2100 1945 2141 multis
1980 2101 2079 2141 locis
2105 2104 2261 2152 pariter
2296 2115 2391 2158 apta

221 2163 280 2191 est
309 2163 348 2191 et
377 2157 694 2193 accommodata.
750 2156 1045 2205 Quamobrem,
1074 2162 1120 2191 ut
1146 2157 1211 2191 via
1239 2162 1282 2191 et
1301 2154 1448 2190 ordine
1468 2162 1609 2190 nostra
1629 2155 1825 2202 procedat
1843 2157 2164 2204 argumentatio,
2192 2159 2387 2207 pri-mum,

220 2221 322 2256 quae
351 2210 402 2245 sit
430 2210 616 2247 codicum
644 2210 868 2257 scriptura,
901 2209 1124 2246 dicendum
1153 2216 1223 2245 est.
1279 2210 1339 2245 Ac
1365 2207 1509 2255 priore
1540 2207 1708 2256 quidem
1735 2206 1828 2244 loco
1856 2219 1943 2245 non
1967 2207 2065 2245 eatis
2092 2216 2266 2256 constat,
2297 2221 2389 2252 utra

217 2262 419 2309 scriptura
449 2261 638 2299 codicum
664 2260 745 2298 fide
774 2261 904 2310 magis
931 2261 1108 2306 nitatur,
1146 2260 1216 2296 sed
1245 2259 1377 2297 altero
1405 2259 1452 2296 in
1480 2259 1668 2308 plurimis
1699 2259 1814 2295 codd.
1839 2259 1884 2296 1³.
1907 2259 1956 2296 T.
1983 2259 2067 2297 Erf.
2095 2261 2238 2297 Palatt.
2270 2265 2387 2306 codd.

215 2315 462 2360 Vmburgfi,
502 2316 647 2350 Pariss.
677 2313 943 2350 Lallemandi
972 2320 1012 2349 et
1040 2315 1219 2362 quinque
1248 2314 1353 2349 Oxx.
1383 2311 1654 2349 leniorem
1681 2313 1881 2360 scriptum
1909 2319 1990 2355 est,
2019 2312 2066 2348 in
2091 2314 2241 2350 nostris
2262 2318 2384 2357 codd.

215 2364 418 2403 Vindobb.
448 2365 494 2401 lc
509 2367 555 2402 vi
570 2379 591 2402 o
603 2378 623 2403 r
637 2378 658 2402 e
688 2372 728 2402 et
755 2365 803 2402 le
816 2366 899 2402 vio
912 2377 932 2401 r
945 2377 966 2402 e
978 2376 1033 2403 m.
1087 2364 1318 2414 Utrobique
1346 2369 1499 2409 autem,
1531 2363 1630 2413 quin
1659 2363 1805 2401 eadem
1832 2363 2074 2413 recipienda
2100 2364 2152 2399 sit
2171 2365 2385 2415 scriptura,
2424 2401 2429 2405 ,

214 2430 301 2454 non
339 2425 471 2465 potest
509 2431 593 2455 esse
632 2419 823 2462 dubium,
861 2420 1060 2466 quoniam
1094 2419 1298 2455 sententia
1336 2416 1462 2464 plane
1492 2424 1552 2453 est
1580 2416 1735 2454 eadem.
1816 2417 1908 2454 Jam
1944 2428 2040 2452 vero
2077 2428 2203 2465 quum
2240 2418 2386 2461 lenia

213 2470 383 2519 proprie
406 2481 451 2505 ea
474 2468 676 2513 dicantur,
707 2483 809 2520 quae
838 2470 983 2507 mollia
1010 2476 1105 2508 sunt
1133 2477 1174 2506 et
1199 2468 1360 2506 nullam
1387 2467 1544 2506 habent
1571 2469 1854 2517 asperitatem3
1883 2466 1998 2516 (Cic.
2025 2466 2116 2504 Fin.
2143 2468 2196 2512 ΙΙ,
2225 2473 2290 2516 12,
2316 2476 2382 2516 36,

157 2518 163 2525 “
214 2523 394 2567 „Sensus
422 2521 577 2559 iudicat
606 2522 751 2566 dulce,
789 2535 997 2568 amarum3
1034 2523 1179 2568 lene,
1216 2525 1498 2570 asperum.“
1541 2520 1635 2558 Nat.
1660 2520 1713 2558 D.
1740 2521 1800 2574 II,
1827 2523 1890 2563 58.
1937 2519 2105 2557 Terent.
2133 2518 2283 2560 Heaut.
2306 2526 2382 2571 ΙΙΙ,

215 2580 261 2617 1,
290 2577 381 2620 38.)
419 2575 568 2611 deinde
607 2575 748 2621 mitia,
786 2587 889 2623 quae
928 2576 1043 2611 omni
1078 2573 1341 2611 vehementia
1373 2580 1418 2609 et
1454 2573 1626 2609 acritate
1655 2579 1817 2617 carent;
1854 2571 1985 2621 (Plin.
2011 2571 2204 2618 XXVIII,
2233 2578 2279 2618 a,
2317 2581 2383 2621 ιη,

171 2621 178 2625 “
214 2627 534 2669 „Vehemens
561 2626 726 2663 fricatio
756 2629 913 2676 spissat,
942 2628 1083 2664 lenis
1110 2626 1259 2664 mollit.
1289 2625 1403 2662 Caes.
1430 2629 1471 2670 2,
1498 2630 1595 2666 22⁴⁴
1648 2625 1815 2662 Lenes
1843 2629 1939 2661 sunt
1965 2622 2150 2668 sorbitio,
2178 2626 2384 2685 pulticula

214 2688 345 2727 seqq.,
385 2680 527 2716 acria
565 2686 659 2715 sunt
697 2680 837 2716 omnia
875 2680 999 2716 nimis
1037 2685 1221 2724 austera,
1258 2677 1395 2722 acida,
1432 2677 1535 2713 salsa
1563 2677 1698 2725 seqq.)
1736 2683 1848 2720 tum,
1885 2685 1989 2723 quae
2025 2686 2049 2712 a
2080 2683 2302 2737 severitate
2340 2689 2383 2719 et

213 2732 457 2767 crudelitate
485 2737 577 2767 sunt
604 2731 762 2775 aliena;
799 2730 914 2779 (Cic.
940 2731 1030 2768 Cat.
1059 2732 1121 2776 ΙΙ,
1149 2733 1185 2773 ιι.
1238 2730 1364 2775 „Non
1392 2736 1453 2766 est
1479 2729 1565 2765 iam
1591 2728 1814 2764 lenitati
1848 2726 1985 2763 locus:
2020 2736 2379 2775 severitatem

212 2794 277 2820 res
315 2783 402 2831 ipsa
438 2782 673 2833 flagitat.“)
709 2783 855 2820 levia
893 2795 988 2821 vero
1028 2795 1096 2830 ea,
1135 2794 1239 2833 quae
1275 2781 1461 2833 pondere
1495 2786 1661 2826 carent,
1697 2790 1800 2829 quae
1835 2777 1991 2817 nullius
2026 2783 2121 2817 sunt
2155 2786 2377 2831 momenti,

293 2915 330 2957 *)
380 2914 438 2951 Cf.
463 2913 649 2958 Spalding,
677 2917 728 2950 ad
750 2916 902 2961 Quintil.
924 2917 978 2958 X,
1008 2918 1053 2958 1,
1082 2916 1161 2956 121„
1200 2916 1270 2958 x1‚
1297 2916 1340 2956 3,
1370 2916 1445 2952 103,
1488 2914 1609 2957 Intpp.
1632 2911 1677 2945 ad
1696 2911 1800 2949 Curt.
1822 2911 1889 2953 tx,
1913 2912 1960 2955 Ὠ,
1984 2912 2022 2948 8.
2065 2912 2187 2951 Bur-m.
2210 2913 2255 2946 ad
2276 2916 2376 2961 virg.

376 2958 462 3007 Aent
484 2958 540 2998 11,
562 2958 639 2995 682,
661 2959 707 2990 ad
730 2960 885 3003 Quintil⁴
903 2958 1070 3008 peciam.
1091 2960 1130 3001 1,
1146 2967 1190 3034 xl.
1212 2959 1246 2995 8.
1267 2958 1367 2998 XIX,
1390 2968 1424 2999 p·
1444 2957 1522 2992 37].
1542 2958 1662 3030 IntPf.
1686 2954 1731 2986 Bd
1753 2954 1826 2990 C'it.
1848 2954 1934 2991 Nat.
1952 2954 2092 3029 (1457,
2114 2955 2190 2992 148.
2212 2957 2258 2989 nd
2281 2967 2374 2997 orat,

376 3008 413 3040 P.
438 2999 526 3038 bull.
547 3000 623 3037 831.
668 3000 782 3040 Goer,
804 3002 850 3036 ad
869 3003 949 3040 Fm,
971 3012 1010 3046 p.
1031 2999 1108 3039 178,
1192 3001 1272 3038 oeb,
1296 2999 1342 3033 ad
1364 2999 1466 3036 Caes,
1490 2999 1532 3034 B.
1556 2996 1602 3034 G.
1641 2997 1677 3039 1,
1699 2996 1732 3033 8.
1754 2995 1947 3030 'rsehucke
1969 3008 1989 3029 ι
2034 2997 2188 3040 Eutrop‚
2211 2999 2295 3041 VII,
2316 3003 2371 3039 m·
