2690 3197
1355 74 1371 87 A

1389 87 1422 132 ⁷

300 241 395 281 iuro
423 234 693 289 possedisset,
731 233 818 272 sivo
855 233 1035 280 iniuria,
1073 233 1297 273 restituere
1334 234 1527 281 deberet;
1569 235 1727 272 etenim
1768 234 1962 272 volebant
2000 240 2161 273 veteres
2198 236 2381 274 nomn}
2415 234 2504 276 1208

301 289 528 332 interdicto
557 284 802 338 impedire,
829 298 884 324 ue
912 287 1001 337 quis
1029 287 1165 337 potius
1204 288 1243 324 vi
1271 297 1396 337 quam
1432 288 1525 325 iure
1557 300 1604 324 ac
1631 287 1784 324 iudicio
1820 288 1883 324 ius
1911 299 2029 326 suum
2058 295 2249 327 tueretur
2289 300 2336 326 ac
2357 294 2506 338 ‘perso‘->

302 350 516 394 queretur.
572 339 859 392 Quamobrem
884 339 1161 377 interdictum
1188 339 1240 377 de
1270 341 1309 376 vi
1338 347 1497 377 armata
1527 339 1680 377 liberto
1709 341 1753 376 in
1782 347 2029 389 patronum,
2059 341 2202 379 liberis
2230 342 2277 378 in
2305 343 2500 392 parentes

303 396 501 441 dabatur,
540 405 629 430 ιιοιι
662 393 765 429 item
787 392 983 429 alterum
1020 392 1126 429 illud
1165 392 1217 428 de
1256 393 1294 428 vi
1331 393 1595 441 quotidiana3
1638 391 1718 439 (cf.
1746 393 1871 441 Digg.
1900 396 1979 436 lis,
2014 393 2075 429 tit.
2109 397 2168 435 16.
2210 393 2237 430 1.
2267 398 2301 434 ι.
2339 393 2377 441 S.
2405 392 2501 442 43.)

302 447 462 489 etenim
488 445 563 495 qui
587 444 789 483 libertum
815 450 887 482 aut
913 444 1067 481 liberos
1107 444 1147 480 vi
1174 451 1336 482 armata
1373 445 1424 482 de
1451 445 1710 494 possessione
1748 445 2005 493 depelleret,
2046 445 2204 483 facinus
2231 446 2498 486 committere

305 500 520 537 videbatur
547 504 635 533 tam
662 504 805 541 atrox,
842 503 887 533 ut
915 497 1079 544 pietatis
1109 496 1246 533 officia
1275 509 1374 544 erga
1403 510 1498 533 eum
1528 509 1614 533 non
1645 508 1731 533 esse
1760 497 1961 534 servanda
1988 503 2256 545 putarentu13
2298 504 2424 546 atquo
2450 501 2500 534 nt

301 557 419 590 santa
444 548 618 587 audacia
646 556 687 584 et
714 548 928 586 temeritas
957 555 1122 597 semper
1150 548 1351 585 vindicari
1378 557 1539 598 posset,
1576 549 1850 586 interdictum
1885 549 1936 585 de
1974 548 2014 584 vi
2052 556 2210 586 armata
2238 551 2496 598 perpetuans

301 603 407 649 fu'it,
449 612 577 650 quum
604 600 713 637 illud
740 600 1031 649 quotidianum
1059 606 1165 636 esset
1191 611 1389 639 annuum.
1429 602 1489 638 cf.
1518 602 1600 639 Cic.
1628 601 1731 662 Epp.
1760 601 1809 637 ad
1838 602 1997 639 Famm.
2025 600 2119 645 XV,
2160 604 2219 643 ¹6
2283 601 2500 639 Assentior

302 654 435 706 igitur
460 651 699 697 Hmchkim
729 652 968 702 (Analeclt
998 652 1079 689 litt
1107 664 1201 702 pag
1213 655 1299 696 ¹66
1309 654 1328 704 )
1358 655 1472 692 cuius
1500 655 1752 691 sententiam
1773 652 1855 691 huc
1876 654 2155 691 transcribere
2177 654 2303 691 iuvat.
2358 653 2500 700 „Puto

303 706 414 760 „illa
441 711 591 752 aetate,
620 706 773 755 inquit,
802 711 916 743 actor
942 711 988 742 ut
1015 704 1245 755 possideret
1271 713 1375 752 tum,
1406 720 1534 757 quum
1563 707 1830 751 deiiceretur,
1860 707 1904 743 in
1934 706 2159 743 interdicto
2189 705 2242 742 de
2270 707 2311 743 vi
2337 712 2499 745 armata

304 769 517 819 „necesseo
530 769 620 795 ιιοιι
646 757 785 795 fuisse.
866 758 1007 806 Quum
1036 759 1151 795 enim
1178 757 1258 795 hoc
1286 760 1558 797 interdictum
1586 760 1637 796 ad
1667 759 1905 808 exemplum
1933 758 2070 803 illius,
2109 758 2217 808 quod
2256 759 2308 795 de
2344 759 2386 795 vi
2421 765 2501 804 est,

304 810 613 862 „compositum
640 810 716 855 sit,
748 816 789 847 et
815 810 967 847 iccirco
996 811 1307 856 introductum,
1336 818 1382 849 ut
1410 812 1468 848 vis
1497 818 1658 849 armata
1686 811 1933 861 quibusdam
1961 810 2146 856 auxiliis,
2187 823 2293 860 quae
2321 811 2384 855 ei,
2425 810 2500 861 qui

303 864 376 915 „vi
402 869 567 902 tantum
597 863 838 910 deiecerat,
865 870 1032 914 praesto
1062 870 1204 910 erant,
1235 864 1476 911 orbaretur,
1505 876 1674 902 necesse
1702 871 1775 910 est,
1803 870 1863 911 ut,
1894 875 2019 914 quem
2045 863 2095 900 ad
2121 863 2294 902 modum
2323 863 2499 902 alterins

304 916 591 969 „defensionis
620 916 853 954 eiiciendae
883 924 1045 954 certum
1073 917 1198 955 fuisse
1227 918 1448 954 consilium
1477 930 1620 955 omnes
1648 918 1900 962 concedant,
1942 917 2070 954 etiam
2105 929 2176 954 cur
2214 916 2401 966 priorem
2426 914 2500 953 hic

305 970 609 1020 ‚,on2itterent,
656 980 822 1007 causam
857 968 1047 1007 habuisse
1084 977 1297 1019 praetores
1335 971 1641 1015 existimemus,
1690 982 1819 1018 eaque
1856 981 1944 1006 non
1981 969 2102 1005 video
2148 980 2252 1017 quae
2287 968 2371 1006 alia
2406 979 2500 1006 esso

302 1022 541 1071 „potuerit‚
571 1033 698 1069 quam
724 1028 771 1059 ut
795 1019 831 1058 is
856 1033 1045 1070 quoque,
1075 1022 1146 1070 qui
1172 1033 1257 1058 non
1285 1022 1549 1070 possedisset,
1587 1023 1621 1058 si
1648 1023 1777 1059 armis
1806 1022 1995 1058 detrusus
2024 1026 2151 1066 esset,
2189 1020 2498 1058 restitueretur

302 1074 449 1124 „Ergo
478 1079 520 1112 et
547 1085 624 1125 pro
654 1073 841 1112 Caecina
866 1074 1019 1112 iustam
1047 1085 1211 1113 causam
1240 1073 1475 1112 defendisse
1504 1082 1547 1113 et
1573 1074 1644 1112 bic
1679 1078 1780 1124 (pro
1810 1073 1954 1111 Tullio
1983 1073 2019 1120 ἓ.
2045 1076 2113 1116 46.
2123 1073 2139 1119 )
2176 1080 2271 1121 apto
2300 1072 2492 1122 exemplo

303 1139 450 1175 „rom,
486 1126 538 1162 de
575 1138 655 1175 qua
689 1133 856 1174 ageret,
896 1126 1125 1163 illustrasse
1163 1127 1356 1164 arbitror.
1443 1127 1642 1165 Ceterum
1679 1126 1763 1163 hoc
1798 1126 1849 1162 de
1889 1138 1938 1162 eo
1975 1126 2092 1169 iure,
2130 1125 2242 1174 quod
2278 1125 2496 1162 Ciceronis

302 1185 526 1228 „tempore
554 1177 730 1223 valebat,
760 1178 933 1223 cens'e03
956 1190 1048 1217 :non
1070 1180 1197 1217 etiam
1215 1180 1267 1217 de
1285 1180 1531 1228 posteriore,
1561 1180 1612 1217 de
1632 1192 1713 1229 quo
1730 1179 1820 1215 fere
1842 1179 2002 1215 inclino
2020 1178 2066 1214 in
2084 1177 2204 1216 illam
2222 1178 2489 1221 sententiam,

303 1238 478 1281 „postea
504 1230 710 1268 creditum
738 1241 848 1276 esse,
877 1231 1097 1269 neminem
1122 1231 1204 1269 nisi
1232 1233 1302 1281 qui
1329 1232 1582 1281 possideret,
1612 1231 1738 1269 deiici
1767 1243 1898 1281 posse,
1926 1230 2106 1280 ideoque
2133 1230 2262 1268 etiam
2288 1230 2336 1267 in
2361 1230 2492 1267 inter-

304 1284 447 1331 „dicto
477 1283 529 1320 de
557 1283 598 1320 vi
625 1290 807 1329 armata,
838 1284 909 1332 qui
939 1284 1119 1321 deiectus
1148 1291 1265 1327 esset,
1294 1291 1340 1321 ut
1366 1285 1612 1333 possedisset
1638 1284 1841 1332 requiri.“
1895 1284 1950 1321 Et
1976 1294 2075 1319 sane
2101 1283 2160 1320 ita
2186 1294 2253 1319 res
2281 1294 2324 1319 se
2351 1281 2490 1318 habet.

304 1334 369 1374 Cf.
398 1335 540 1373 Cuiac.
566 1335 614 1372 in
639 1334 777 1373 Paulli
804 1342 997 1373 sententt.
1026 1343 1198 1386 receptt.
1225 1336 1272 1373 V.
1302 1336 1363 1373 tit.
1390 1339 1428 1379 6.
1456 1336 1490 1385 S.
1516 1340 1555 1379 [ι.
1591 1349 1631 1387 p.
1661 1339 1753 1380 [156.
1783 1336 1847 1374 ed.
1877 1334 2111 1385 Schultiug.
2193 1336 2333 1384 Quum
2360 1333 2492 1384 igitur

302 1388 503 1429 Aebutius
532 1388 783 1433 Caecinam,
821 1389 892 1438 qui
930 1401 1025 1426 cum
1062 1390 1271 1427 advocatis
1308 1390 1359 1426 ad
1397 1390 1691 1427 deductionem
1726 1389 1912 1426 moribus
1949 1388 2181 1426 faciendam
2209 1394 2407 1432 venerat,
2446 1387 2511 1423 vi*

300 1441 471 1481 armatis
499 1439 737 1478 hominibus
766 1441 819 1478 de
843 1441 973 1479 fundo
1002 1442 1238 1486 deiecisset,
1268 1448 1314 1478 ut
1340 1442 1632 1480 restitueretur
1659 1441 1859 1485 Caecina,
1885 1440 2118 1490 possedisse
2143 1452 2240 1478 eum
2265 1451 2355 1477 non
2382 1448 2489 1489 opus

303 1500 396 1533 erat
424 1493 722 1531 demonstrara-
761 1493 823 1532 Cf·
852 1494 887 1541 S.
915 1497 1003 1536 104.
1085 1494 1166 1531 Sed
1193 1501 1239 1531 ut
1267 1494 1490 1531 Caecinam
1525 1497 1618 1531 iure
1645 1493 1887 1530 hereditatis
1915 1493 2141 1545 possedisse
2167 1492 2359 1536 credam,
2399 1501 2489 1527 ιιοιι

304 1546 443 1583 solum
469 1546 521 1582 iis
548 1545 831 1593 argumentis,
869 1557 975 1593 quae
1009 1545 1096 1582 iam
1123 1557 1246 1594 supra
1274 1546 1466 1595 exposui,
1504 1547 1576 1582 sed
1611 1558 1661 1583 eo
1699 1556 1860 1595 quoque
1897 1556 2093 1590 moveor,
2135 1543 2245 1592 quod
2272 1542 2490 1588 Aebutius,

302 1609 435 1649 quum
460 1598 553 1633 iure
580 1608 628 1633 ac
652 1596 806 1633 iudicio
834 1596 1138 1645 possessionem
1164 1608 1300 1641 suam,
1330 1599 1363 1632 si
1391 1598 1517 1634 modo
1544 1604 1648 1634 esset
1674 1598 1780 1634 iusta
1808 1608 1855 1633 ac
1881 1596 2093 1645 legitima,
2121 1597 2307 1632 retinere
2334 1598 2486 1644 posset,

303 1656 446 1688 tamen
475 1649 515 1685 vi
542 1654 666 1697 atquo
693 1648 819 1684 armis
847 1660 941 1686 eam
967 1649 1077 1686 tueri
1103 1648 1265 1685 maluit.
1348 1649 1458 1697 Quid
1487 1650 1629 1686 enim?
1684 1649 1770 1685 Cur
1798 1649 1970 1685 armatis
1994 1647 2237 1684 hominibus
2270 1645 2489 1695 prohibuit

304 1714 353 1740 ac
381 1700 530 1738 deiecit
546 1699 771 1737 Caecinam
797 1711 882 1737 non
912 1712 964 1737 ex
993 1713 1041 1737 eo
1070 1700 1205 1738 solum
1221 1700 1364 1745 fundo,
1395 1700 1445 1736 de
1465 1713 1545 1749 quo
1564 1707 1654 1737 erat
1672 1701 1971 1745 controversia,
2000 1699 2072 1736 sed
2093 1700 2219 1736 etiam
2239 1699 2294 1737 de
2313 1699 2489 1748 antiquo

304 1754 381 1792 illo
410 1752 541 1790 dotali
570 1752 853 1797 Caesenniae,
892 1753 942 1790 de.
972 1766 1051 1802 quo
1079 1753 1205 1802 plane
1235 1764 1316 1789 non
1345 1752 1662 1803 ambigebat-ur?
1717 1753 1872 1791 Nonne
1897 1752 1960 1790 ius
1988 1764 2109 1789 suum
2136 1753 2270 1789 multo
2295 1750 2491 1789 faciliore

305 1819 355 1845 ac
381 1805 664 1843 commodiore
695 1806 758 1842 via
776 1805 963 1842 retinere
980 1813 1156 1854 poterat,
1185 1806 1218 1842 si
1238 1806 1415 1842 Caecina
1443 1806 1627 1842 moribus
1656 1806 1833 1843 deducto
1861 1817 1980 1842 suum
2010 1816 2097 1841 esse
2123 1804 2301 1847 fundum
2328 1804 2486 1851 sibique

305 1870 378 1896 sua
414 1857 590 1906 pecunia
627 1864 812 1905 emptum
850 1858 896 1892 ιιι
932 1858 1090 1894 iudicio
1119 1857 1345 1906 probaret?
1401 1858 1556 1894 Eratne
1592 1855 1671 1894 hoc
1708 1857 1876 1894 sceleris
1915 1864 2038 1907 atque
2072 1857 2269 1895 audaciae
2296 1854 2487 1893 homines

305 1911 515 1954 inermes,
564 1909 635 1958 qui
671 1921 724 1946 ex
760 1916 968 1948 conventu
1002 1910 1049 1947 in
1085 1909 1261 1948 fundum
1300 1910 1543 1954 veniebant,
1590 1912 1759 1948 armatis
1796 1909 2036 1947 hominibus
2072 1908 2339 1958 propellere?
2418 1910 2485 1944 An

303 1962 523 2000 hominem
560 1962 756 1998 callidum
799 1969 840 1997 et
879 1969 1092 1999 versutum
1129 1953 1248 1998 illud
1274 1973 1362 1998 non
1399 1962 1658 1999 intellexisse
1693 1962 1953 2011 putabimus,
1990 1961 2237 2006 Caecinam,
2280 1971 2403 2009 quum
2443 1958 2486 1995 vi

304 2021 465 2054 armata
494 2021 598 2050 esset
625 2014 676 2050 de
703 2013 831 2050 fundo
861 2013 1070 2059 detrusus,
1098 2013 1231 2050 tribus
1259 2014 1394 2051 modis
1421 2016 1558 2063 ipsum
1586 2026 1779 2052 accusat(
1810 2016 2014 2062 potuisse,
2051 2021 2121 2049 aut
2150 2013 2201 2049 de
2229 2012 2486 2059 possessione

304 2065 585 2109 restituenda,
614 2072 684 2102 aut
711 2066 986 2110 iniuriarum,
1021 2072 1091 2103 aut
1118 2066 1168 2102 de
1197 2066 1235 2102 vi
1267 2066 1436 2103 armatis
1464 2066 1732 2104 hominibus?
1789 2066 1868 2103 Sed
1898 2078 2024 2116 quum
2052 2064 2167 2102 nulla
2196 2064 2277 2102 alia
2304 2063 2485 2107 ratione,

302 2119 386 2157 nisi
413 2119 583 2156 audacia
612 2126 734 2167 atque
763 2117 975 2156 armorum
1003 2126 1188 2162 terrore,
1216 2118 1393 2155 fundum
1420 2119 1545 2156 illum
1574 2131 1617 2157 se
1645 2131 1764 2169 posse
1802 2121 1990 2156 retinere
2014 2120 2294 2168 perspiceret,
2328 2117 2373 2153 in
2401 2116 2485 2153 alia

304 2172 447 2211 omnia
474 2171 611 2217 abire,
642 2183 765 2221 quam
792 2171 885 2209 iure
914 2178 956 2208 et
981 2172 1132 2209 iudicio
1159 2171 1334 2209 fundum
1365 2172 1585 2218 amittere,
1615 2172 1773 2210 maluit

491 2224 638 2272 Neque
676 2236 774 2260 vero
813 2224 866 2260 ad
900 2231 1084 2260 nostiam
1119 2226 1367 2261 sententiam
1405 2224 1732 2260 confirmandtm
1772 2224 1874 2259 llud
1914 2231 1974 2259 cst
2009 2223 2334 2272 negligendum,
2372 2221 2485 2270 quod

303 2276 453 2316 Cicero
483 2275 533 2313 ab
562 2275 637 2321 iis,
677 2275 824 2325 quibus
859 2276 905 2313 ιιι
943 2276 1032 2313 aliis
1070 2276 1347 2321 orationibus,
1386 2288 1511 2325 quum
1540 2277 1677 2314 minus
1704 2276 1829 2312 instas
1869 2288 2006 2313 causas
2035 2274 2254 2320 defendat,
2292 2275 2350 2312 uti
2377 2275 2487 2312 solet

304 2329 491 2369 artificiis
514 2303 840 2376 supplicationis,
870 2329 1188 2365 benevolentiae
1212 2329 1510 2373 conciliandae,
1538 2329 1849 2388 misericordiae
1868 2327 2114 2373 movendae,
2132 2327 2240 2364 hac
2227 2339 2272 2364 ιιι
2291 2329 2484 2365 oratione

303 2381 429 2434 plane
457 2379 649 2418 abstinet.
716 2381 887 2419 Etenim
917 2395 1043 2431 quum
1071 2394 1213 2419 causae
1241 2394 1336 2419 suae
1365 2381 1577 2419 confidens
1603 2389 1773 2430 atque
1764 2383 1806 2417 in
1846 2381 2023 2430 simplici
2063 2380 2330 2417 enarratione
2366 2393 2486 2441 spem

306 2434 510 2473 collocans
547 2434 913 2481 recuperatoribus
951 2446 992 2470 se
1029 2446 1113 2470 esse
1157 2446 1450 2495 persuasurum
1487 2442 1654 2481 putaret
1690 2433 1741 2473 ad
1778 2435 1885 2480 ipsos
1924 2440 1964 2470 et
2000 2433 2050 2469 ad
2089 2444 2255 2469 causam
2292 2433 2484 2470 omnium

305 2485 462 2525 civium
489 2484 775 2522 Romanorum
801 2486 1014 2534 pertinere
1044 2493 1165 2537 atque
1186 2487 1270 2524 iuri
1287 2499 1332 2524 ac
1352 2487 1388 2523 Ι(
1395 2486 1509 2535 gibus
1531 2498 1616 2524 esse
1635 2493 1975 2531 consentaneum,
2002 2492 2048 2523 ut
2066 2484 2242 2522 Caecina
2262 2487 2487 2535 sponsione

305 2540 517 2582 vinceret,
548 2545 670 2587 atque
698 2538 745 2573 in
773 2549 890 2577 suam
916 2541 1216 2588 possessionem
1242 2540 1553 2584 restitueretur,
1583 2539 1635 2576 ab
1660 2539 1742 2577 il¹is
1772 2538 2026 2595 deteriorum
2053 2549 2270 2576 causarum
2297 2538 2489 2575 subsidiis

300 2591 512 2629 abstinuit.

492 2642 612 2678 Sed
599 2655 684 2679 iam
712 2642 930 2681 redeamus
959 2644 1012 2681 ad
1040 2657 1101 2688 ea,
1132 2657 1235 2692 quae
1259 2645 1443 2681 Savinius
1473 2644 1524 2680 ad
1553 2644 1802 2680 sententiam
1829 2654 1941 2679 suam
1973 2641 2324 2691 comprobandam
2342 2643 2489 2680 attulit

305 2700 564 2743 argumenta.
619 2694 860 2733 Arbitratur
887 2696 1000 2734 enim
1029 2696 1124 2746 (1.1.
1145 2709 1185 2746 p.
1199 2699 1286 2739 [163.
1316 2703 1398 2734 not.
1411 2696 1475 2740 a.)
1507 2709 1557 2733 ex
1587 2696 1701 2733 hisce
1729 2697 1934 2745 imprimis
1966 2695 2120 2731 verbis:
2174 2693 2482 2739 „Caesenniam

303 2748 530 2795 possedisse
568 2755 794 2797 propter
832 2760 981 2786 usum
1017 2749 1251 2787 fructum
1298 2761 1381 2785 non
1420 2754 1574 2796 negas“
1620 2749 1842 2785 Caecinam
1880 2760 1965 2784 non
2001 2747 2225 2796 possedisse
2264 2759 2483 2798 apparere,

304 2805 426 2847 atque
454 2796 560 2834 haec
587 2800 712 2838 verba
750 2800 801 2838 de
836 2802 939 2839 iuris
969 2802 1108 2864 quasi·
1120 2801 1377 2851 possessione
1403 2801 1679 2851 intelligenda
1710 2813 1816 2845 esse,
1852 2801 1907 2837 ita
1938 2807 1983 2837 ut
2012 2801 2161 2838 Cicero
2187 2812 2275 2837 non
2303 2801 2352 2837 de
2380 2813 2480 2841 vera

305 2863 353 2887 ac
379 2851 505 2899 plena
533 2851 604 2887 sed
632 2852 683 2887 de
711 2853 785 2890 illa
813 2854 914 2890 iuris
943 2856 1083 2903 quasi-
1094 2856 1371 2903 possessione,
1410 2868 1534 2904 quam
1570 2854 1695 2890 habet
1732 2854 2081 2895 usufructuarins,
2122 2852 2238 2902 loqui
2273 2857 2478 2899 putandus

305 2903 376 2948 εἰη
415 2903 556 2941 omnia
591 2914 713 2949 vero,
752 2919 858 2954 quae
893 2913 1035 2945 orator
1072 2919 1123 2944 ex
1158 2907 1237 2945 illa
1270 2908 1474 2944 sententia
1508 2906 1686 2955 probare
1714 2906 1898 2949 studeat,
1936 2905 2091 2942 ficticia
2130 2912 2172 2942 et
2206 2911 2483 2953 patronorum

303 2967 421 2993 more
460 2967 546 2992 esse
583 2957 810 3005 composita
848 2966 1008 3005 censet,
1045 2970 1182 3008 neque
1220 2960 1434 2997 Ciceronis
1472 2966 1605 2995 aetate
1643 2958 1723 2994 alia
1763 2970 1808 2994 ac
1836 2964 1979 3006 postea
2007 2956 2231 2994 obtinuisse
2258 2957 2350 2995 iura
2379 2972 2484 3021 opus

306 3019 390 3045 esse
420 3013 611 3045 statuere
684 3009 737 3047 At
765 3022 863 3048 vero
891 3023 978 3050 non
1007 3011 1169 3051 videtur
1196 3013 1390 3051 Savinius
1422 3013 1609 3050 animum
1648 3011 1870 3049 advertisse
1906 3010 1958 3048 ad
1995 3022 2114 3056 eam,
2149 3021 2276 3059 quam
2299 3011 2480 3050 instituit
