2690 3197
1328 35 1387 76 12

277 179 453 231 exigua,
479 182 627 229 parva:
656 177 1049 227 perspiciuuxnxesn
1087 176 1258 213 levem
1288 177 1518 222 actionem,
1557 176 1674 214 leve
1701 176 1905 215 iudicium
1932 177 2039 215 illud
2068 178 2173 223 dici,
2211 180 2256 216 in
2285 191 2364 229 quo
2392 190 2458 216 res

274 233 529 277 indicantur,
558 242 661 280 quae
680 241 765 267 non
784 230 927 278 magni
947 235 1042 265 suut
1062 229 1277 272 momenti,
1309 230 1471 277 peccata
1492 229 1670 273 minora,
1691 241 1833 267 rerum
1854 231 2109 278 privatarum
2129 232 2458 275 controversiae3

235 281 244 287 ⁸
277 286 479 323 lenitas
505 294 603 325 vero
629 282 777 318 iudicii
804 294 891 318 non
919 280 970 317 ad
997 291 1063 316 res
1093 280 1299 325 refertur,
1329 292 1432 329 quae
1459 282 1504 317 in
1532 281 1735 318 iudicium
1763 282 1954 327 veniunt,
1982 281 2054 319 sed
2082 281 2132 318 ad
2160 294 2289 331 genus
2316 283 2461 321 iudicii

281 345 324 376 et
356 338 490 386 ipsam
524 335 719 379 actionis,
764 346 888 383 quam
925 333 1014 381 quis
1052 332 1191 381 eligit,
1241 332 1420 369 formam
1458 340 1499 368 et
1535 340 1741 370 naturam.
1832 334 2002 370 Licebat
2039 334 2152 370 enim
2192 335 2462 382 saepeeapud

278 390 488 427 Romano·
523 383 672 422 eadem
709 386 762 422 de
797 384 845 421 re
882 383 1051 419 diversis
1086 383 1314 419 actionibus
1352 396 1444 420 uum
1474 383 1709 419 adversario
1739 385 2015 430 contendere,
2053 392 2124 422 aut
2151 386 2361 435 asperiore
2391 391 2463 423 aut

279 440 464 484 lenior-03
494 436 608 475 velut
635 437 670 474 si
699 437 813 487 quis,
840 436 962 474 sicuti
989 433 1192 480 Caecina,
1223 435 1262 471 vi
1290 438 1458 472 armatis
1486 434 1726 472 hominibus
1755 436 1805 473 de
1831 436 1961 473 fundo
1991 437 2172 475 deiectus
2202 445 2326 483 esset,
2366 450 2463 475 cum

281 490 519 532 edversario
547 489 616 526 vel
644 490 811 539 publico
840 489 906 525 vel
941 488 1101 536 privato
1137 487 1294 523 iudicio
1333 489 1585 524 contendere
1621 495 1806 536 poterat3
1856 488 1931 524 illa
1970 496 2061 525 erat
2100 488 2385 527 vehementior
2421 495 2464 525 et

279 542 559 597 periculosior
585 543 719 586 actio,
754 539 860 578 haec
886 539 1022 576 lenior
1049 545 1090 575 et
1115 540 1339 576 remissior.
1420 539 1601 577 Caecina
1628 546 1768 577 autem
1796 540 1959 577 leniore
1994 552 2087 578 usus
2116 548 2227 587 erat,
2267 540 2463 591 quoniam

279 596 334 635 de
359 594 649 645 recuperanda
675 600 838 631 tantum
865 592 1121 642 possessione
1148 592 1311 641 privato
1338 593 1494 629 iudicio
1523 604 1618 630 cum
1644 592 1824 629 Aebutio
1853 593 2024 641 agebat,
2062 606 2189 642 quum
2218 595 2269 630 de
2299 595 2339 630 vi
2368 606 2465 630 eum

278 650 327 686 in
352 647 417 685 iu·
443 658 597 684 vocare
623 652 771 694 posset.
836 646 928 692 Qua
953 656 1000 679 re
1028 656 1156 691 quum
1183 644 1269 679 iam
1297 645 1392 679 satis
1420 645 1661 693 perspicue,
1693 650 1738 680 ut
1766 645 1940 693 opinor,
1969 652 2188 692 appareat,
2217 654 2309 683 utra
2337 645 2463 693 scrip-

280 706 378 739 tura
413 698 467 736 sit
502 696 805 748 praeferenda,
840 704 931 734 tum
967 695 1217 733 lenitatis
1251 696 1501 734 vocabulum
1537 708 1612 733 usu
1640 694 1853 733 Ciceronis
1889 697 2077 744 apprime
2104 696 2318 741 firmatur,
2355 697 2466 745 quod

282 763 336 790 ex
360 750 428 787 his
454 750 656 797 exemplis
682 749 867 796 intelligi
893 753 1035 796 potest.
1065 748 1177 783 Orat.
1204 759 1281 795 pro
1300 747 1412 783 Cael.
1440 748 1474 794 §.
1489 752 1524 792 7.
1580 748 1796 792 „Tecum,
1824 748 2037 792 Atratine,
2066 759 2212 796 agam
2240 748 2465 786 lenium

280 802 388 842 ibid.
415 801 451 850 5.
476 803 541 843 33.
577 800 697 847 „Sed
718 806 859 838 tamen
897 810 948 836 ex
975 798 1062 847 ipsa
1091 810 1288 848 quaeram
1315 799 1452 848 prius,
1490 806 1637 837 utrum
1667 811 1735 836 me
1763 811 1900 837 secum
1927 798 2068 837 sev‘ere
2111 808 2152 836 et
2179 802 2384 849 graviter,
2422 806 2464 836 et

281 855 418 905 prisce
444 864 606 902 agere
633 852 777 897 malit,
805 864 857 890 an
883 852 1056 887 remisse
1084 863 1134 887 ac
1161 851 1361 887 leniter
1398 858 1440 887 et
1466 851 1667 887 urbane.“
1721 848 1888 901 Philipp
1917 851 1974 897 V,
2012 851 2049 899 5.
2078 855 2141 894 3η.
2196 852 2300 897 „Sin
2328 858 2468 891 autem

281 906 463 944 lenius
494 905 701 954 agetis,
736 910 877 941 tamen
913 903 1082 948 eadem,
1119 902 1191 939 sed
1216 902 1389 939 fortasse
1426 903 1555 940 serius
1583 903 1859 939 decernetis.“
1914 905 2048 952 Atque
2078 905 2329 941 Garatonius
2369 915 2469 939 vere
2514 932 2525 940 .

280 959 369 996 iam
394 955 687 1004 intellexerat,
717 956 841 993 verba
869 966 939 999 ea,
969 966 1075 1003 quae
1101 954 1243 1004 paullo
1272 961 1363 1005 post
1390 954 1589 1005 leguntur
1617 955 1693 1001 „in
1723 967 1771 992 eo
1798 955 1967 1005 potestis
1996 956 2257 994 atrocitatem
2283 962 2469 993 nostram

281 1008 656 1060 reprehendere?“
701 1021 823 1058 quam
864 1008 1049 1045 maxime
1081 1007 1223 1045 favere
1261 1009 1491 1057 scripturae
1530 1008 1747 1044 leniore
1785 1009 2022 1052 actione;
2073 1021 2321 1057 quamquam
2358 1008 2469 1043 nihil

281 1062 535 1100 mutandum
562 1060 843 1104 existimabat,
881 1060 1080 1109 quoniam
1117 1059 1154 1107 5.
1182 1062 1219 1102 6.
1256 1060 1430 1097 levius
1466 1059 1668 1097 iudicium
1709 1064 2081 1098 commemoratum
2115 1068 2233 1098 esset.
2289 1061 2343 1098 At
2372 1070 2468 1096 vero

282 1115 346 1153 ibi
373 1125 447 1152 sua
473 1112 780 1164 significatione
809 1113 963 1149 dictum
991 1119 1052 1149 est
1087 1111 1204 1150 leve
1239 1113 1529 1156 iudicium,
1560 1113 1656 1160 quia
1683 1112 1888 1149 iudicium
1917 1114 2299 1158 controversiarum
2325 1112 2469 1147 distra-

284 1166 523 1205 hendarum
548 1165 828 1214 intelligitur,
863 1165 909 1201 in
937 1176 1018 1214 quo
1054 1175 1119 1201 res
1146 1163 1323 1202 leviores
1350 1163 1612 1210 iudicantur,
1650 1170 1691 1202 et
1717 1176 1915 1215 persaepe
1944 1164 2193 1215 disceptator
2223 1166 2469 1203 domesticus

285 1231 383 1259 rem
425 1218 618 1263 dirimit3
680 1218 860 1256 alterum
901 1217 1009 1255 illud
1053 1217 1358 1254 maleficiorum
1400 1218 1711 1265 puniendorum
1759 1217 2045 1254 vehementius
2091 1225 2182 1261 est,
2245 1219 2340 1265 quia
2383 1218 2471 1264 ipsa

285 1270 499 1310 maleficia
520 1297 532 1315 ,
582 1270 634 1306 de
682 1269 829 1319 quibus
877 1268 1083 1306 iudicium
1130 1275 1212 1313 est,
1266 1268 1457 1318 graviora
1509 1276 1614 1305 sunt.
1711 1268 1859 1319 Neque
1906 1270 2087 1318 denique
2113 1269 2375 1317 ·scripturnm
2423 1267 2473 1304 ab

288 1323 455 1363 Orellio
489 1328 706 1369 receptam
751 1321 943 1370 exemplo
991 1333 1042 1358 ex
1090 1322 1278 1357 oratione
1325 1333 1402 1370 pro
1447 1321 1567 1357 Rosc.
1656 1321 1850 1359 Comoed.
1902 1322 1936 1368 5.
1966 1325 2030 1363 25.
2063 1320 2202 1357 'allato
2249 1315 2473 1357 defendere

286 1375 408 1421 licet,
453 1374 551 1424 quia
584 1371 644 1410 ibi
680 1384 839 1423 grave
875 1372 1044 1422 quidem
1080 1373 1283 1412 iudicium
1321 1379 1695 1418 commemoratur,
1741 1373 1813 1410 sed
1847 1374 1965 1410 nulla
2000 1375 2047 1410 fit
2081 1373 2309 1409 levioris
2346 1385 2471 1420 oppo-

287 1428 406 1470 sitio,
449 1437 587 1475 neque
623 1426 656 1460 si
693 1437 741 1461 ea
776 1425 838 1461 ibi
874 1432 978 1461 esset
1024 1426 1254 1473 oppositio,
1301 1426 1525 1474 quidquam
1561 1425 1659 1461 inde
1708 1425 2003 1473 conficeretur,
2032 1425 2291 1474 argumenti,
2347 1435 2475 1473 quum

288 1477 477 1516 vocabuli
515 1477 693 1526 gravis
728 1483 814 1514 tam
842 1476 925 1514 lata
954 1477 1005 1512 sit
1034 1477 1300 1525 significatio,
1337 1484 1383 1514 ut
1420 1484 1462 1513 et
1497 1477 1634 1513 levis
1674 1484 1715 1512 et
1749 1476 1887 1513 lenis
1924 1478 2080 1525 opponi
2116 1478 2253 1523 possit.
2290 1476 2350 1513 Cf.
2387 1476 2472 1511 Cic.

289 1531 347 1568 ad.
377 1531 491 1567 Fam.
519 1529 708 1572 XV,·15.
763 1528 1111 1573 „Lenissimis
1150 1535 1190 1564 et
1225 1529 1515 1566 amantissimis
1552 1527 1687 1567 verbis
1722 1534 1841 1565 utens
1869 1540 1917 1564 re
1953 1527 2193 1577 graviter
2230 1528 2473 1565 accusaris.“

288 1593 367 1632 pro
395 1580 507 1618 Mur.
534 1580 620 1629 §.6.
647 1580 764 1627 „Ego
794 1587 932 1617 autem
960 1579 1033 1617 has
1062 1588 1198 1630 partes
1226 1581 1477 1617 lenitatis
1507 1587 1547 1616 et
1575 1580 1886 1616 misericordiae
1913 1601 1966 1608 —
1993 1591 2155 1627 semper
2183 1581 2250 1627 egi
2278 1580 2475 1622 libenter,

289 1634 414 1670 illam
448 1645 547 1669 vero
585 1632 879 1681 gravitatis
916 1633 1230 1680 severitatisque
1266 1642 1484 1681 personam
1520 1643 1605 1667 non
1644 1631 1868 1680 appetivi.“
1907 1644 1983 1680 pro
2009 1632 2127 1668 Rosc.
2156 1630 2349 1669 Comoed.
2378 1631 2412 1678 5.
2439 1635 2476 1671 6.

291 1685 443 1733 „Quod
460 1684 570 1732 apud
589 1695 733 1720 omnes
762 1683 881 1719 leve
911 1690 952 1718 et
969 1683 1185 1719 infirmum
1208 1691 1280 1727 est,
1301 1684 1345 1719 id
1365 1683 1471 1730 ap‘ud
1490 1683 1671 1719 iudicem
1691 1694 1814 1730 grav
1829 1695 1851 1719 e
1881 1691 1920 1718 et
1937 1690 2124 1719 sanctum
2144 1695 2230 1734 esse
2245 1683 2416 1719 ducetur
2428 1684 2474 1718 ‚5³¹⁸

290 1736 409 1773 Adde
443 1747 522 1783 pro
560 1735 701 1782 Quint.
742 1734 776 1781 5.
805 1738 869 1777 57.
899 1738 961 1778 75.
991 1736 1054 1778 76.
1091 1746 1166 1783 pro
1193 1734 1303 1771 Mur.
1344 1734 1378 1781 5.
1409 1739 1468 1774 11.
1496 1738 1559 1776 38.
1595 1746 1671 1783 pro
1709 1734 1830 1772 Rosc.
1868 1735 1983 1772 Com.
2021 1735 2056 1783 5.
2083 1738 2146 1778 119.
2181 1735 2394 1771 Postremo
2422 1745 2476 1770 ne

290 1786 398 1825 illud
426 1787 594 1835 quidem
623 1785 924 1834 negligendum
955 1793 1037 1831 est,
1077 1786 1213 1823 lenis
1250 1787 1385 1824 multo
1424 1787 1582 1834 saepius
1611 1799 1634 1823 a
1662 1786 1842 1823 librariis
1879 1788 2034 1824 mutari
2069 1787 2115 1822 in
2154 1787 2313 1832 levis,
2354 1798 2477 1835 quam

293 1840 386 1876 vice
415 1850 532 1876 versa
571 1838 707 1875 levis
743 1840 788 1875 in
825 1838 989 1883 lenis,
1028 1845 1074 1875 ut
1101 1845 1274 1875 testatur
1304 1840 1561 1876 Goerenzius
1591 1839 1643 1875 ad
1671 1839 1754 1875 Cic.
1781 1839 1872 1876 Fin.
1901 1852 1942 1888 p.
1972 1843 2072 1885 178,
2112 1839 2157 1876 id
2181 1839 2302 1887 'quod
2337 1838 2480 1875 multis

295 1890 498 1940 exemplis
528 1890 793 1939 comprobari
819 1897 966 1939 potest.
1022 1891 1255 1940 Utrumque
1285 1891 1527 1928 vocabulum
1544 1893 1732 1929 iunctum
1752 1893 1959 1940 reperitur
1980 1904 2042 1942 ap.
2064 1890 2141 1928 Cit.
2166 1890 2245 1928 Off.
2258 1892 2289 1936 Ι,
2317 1895 2383 1936 24,
2413 1894 2477 1933 83.

296 1943 484 1990 „Medici
529 1943 731 1980 leviter
772 1949 1033 1992 aegrotantes
1079 1943 1281 1980 leniter
1328 1949 1527 1988 curant,“
1574 1943 1646 1981 ubi
1682 1944 1876 1981 nonnulli
1909 1944 2010 1981 libri
2044 1944 2160 1981 MSS.
2211 1950 2252 1980 et
2286 1943 2480 1992 impressi

294 1996 499 2033 leviter
535 1996 599 2032 bis
636 2007 863 2043 perperam
900 1994 1111 2032 exhibent.
1149 1991 1208 2032 Cf.
1246 1996 1445 2044 Heusing.
1483 1996 1543 2032 ad.
1572 1995 1612 2032 h.
1641 1995 1669 2033 1.
1718 1996 1856 2044 Quare
1884 2008 1971 2033 non
1998 2008 2165 2046 prorsus
2194 1996 2481 2033 damnaverim

297 2048 417 2086 Tune.
443 2048 528 2091 111,
557 2049 592 2094 5.
616 2051 686 2092 67.
716 2047 963 2096 scripturam
992 2048 1088 2085 inde
1117 2059 1140 2084 a
1170 2047 1395 2086 Gebhardo
1424 2048 1706 2095 repudiatam:
1748 2049 2031 2098 „Defatigatio
2059 2050 2189 2096 igi-tur
2218 2049 2482 2085 miseriarum

299 2099 581 2148 aegritudines
618 2112 746 2148 quum
781 2099 906 2136 faeiat
941 2100 1218 2137 leviores.“
1272 2101 1336 2137 Ad
1372 2100 1558 2137 Herenn.
1595 2100 1635 2144 1,
1673 2104 1721 2144 8.
1761 2104 1821 2142 13.
1865 2099 1927 2149 (5.
1954 2107 2016 2142 22.
2049 2101 2110 2137 ed.
2142 2101 2285 2146 Lind.)
2343 2099 2482 2143 „Illud

300 2163 431 2201 genus
460 2152 658 2188 orationis
687 2152 808 2188 debet
836 2150 989 2188 habere
1018 2153 1286 2200 gravitatem,
1326 2153 1615 2188 lenitatem
1653 2157 1793 2200 seqq.“
1832 2165 1953 2201 quam
1989 2153 2238 2200 scripturam
2276 2163 2347 2188 suo
2386 2153 2479 2188 iure

298 2210 440 2241 tuetur
478 2203 661 2240 Orellius
698 2204 867 2252 gemino
904 2203 992 2240 loco
1031 2204 1081 2240 de
1119 2204 1206 2240 Inv.
1237 2205 1277 2248 Ι,
1318 2204 1352 2250 §-
1381 2209 1454 2246 27,
1494 2203 1564 2239 ubi
1601 2204 1831 2241 levitate
1870 2217 1919 2240 ex
1956 2217 2037 2240 uno
2079 2204 2220 2239 codice
2252 2204 2365 2239 Leid.
2396 2216 2480 2239 non

300 2254 477 2292 debebat
513 2256 702 2303 recipere
741 2254 1006 2300 Schuetzius3
1055 2255 1260 2306 simul-quo
1308 2255 1388 2291 hoc
1434 2255 1525 2290 loco
1572 2255 1751 2291 notanda
1794 2263 1853 2292 est
1889 2256 2169 2292 Lindemanni
2207 2256 2481 2291 inconstantia

302 2319 349 2345 ac
386 2306 553 2350 levitas,
597 2307 689 2354 qui,
728 2319 855 2355 quum
891 2306 1030 2343 Rhett.
1069 2307 1120 2343 ad
1158 2307 1341 2343 Herenn.
1374 2308 1413 2349 I,
1453 2310 1497 2348 8,
1525 2311 1587 2346 22.
1626 2306 1907 2344 levitatem
1936 2320 2028 2344 cum
2058 2307 2276 2343 Schuetzio
2306 2307 2481 2355 aliisque

304 2358 532 2396 editoribus
569 2358 807 2395 retinuisset
845 2365 966 2406 atque
1004 2359 1048 2394 in
1086 2360 1194 2395 notis
1232 2359 1466 2407 probasset,
1514 2357 1590 2394 hoc
1626 2359 1793 2407 gemino
1831 2360 1923 2396 loco
1960 2360 2113 2396 libro]
2152 2359 2202 2394 de
2238 2360 2482 2395 Inventione

303 2409 536 2447 lenitate
572 2412 752 2459 scripsit,
793 2422 967 2459 eamque
1003 2412 1251 2459 scripturam
1286 2411 1362 2447 illo
1400 2411 1490 2446 loco
1527 2410 1651 2446 allato
1679 2411 1736 2447 ita
1766 2411 1977 2455 defendit,
2012 2419 2060 2460 nt
2087 2411 2145 2447 ibi
2180 2410 2480 2456 lenitatem,

306 2461 418 2512 quod
447 2470 568 2499 antea
596 2462 929 2511 improbaverat,
966 2463 1191 2512 legendum
1220 2471 1419 2499 censeret.
1475 2463 1587 2498 Orat.
1619 2463 1653 2509 5.
1685 2467 1746 2505 53.
1782 2464 2041 2508 „Elaborant
2068 2464 2141 2500 alii
2170 2463 2214 2498 in
2252 2463 2482 2499 lenitate

306 2521 349 2551 et
393 2514 732 2561 aequabilitate.“
780 2514 850 2550 ubi
884 2515 928 2551 in
967 2516 1028 2552 ed.
1065 2515 1166 2551 Nor.
1213 2515 1442 2551 levitate
1485 2526 1703 2562 perperam
1742 2517 1940 2564 scriptum
1978 2523 2056 2560 est3
2095 2514 2189 2552 coll.
2227 2514 2261 2561 §-
2291 2518 2375 2554 110.
2414 2516 2484 2551 ubi

306 2565 541 2603 levitate
578 2565 802 2613 legendum
839 2579 935 2604 cum
961 2568 1124 2603 Meiero
1163 2574 1204 2603 et
1231 2568 1422 2610 Mosero,
1462 2567 1571 2615 quod
1608 2568 1731 2604 etiam
1772 2569 1884 2604 Orat.
1914 2569 1994 2612 ΙΙΙ,
2033 2568 2068 2614 §-
2094 2571 2184 2608 201.
2215 2554 2484 2620 recipiendum

307 2625 368 2654 est
396 2629 446 2653 ex
475 2617 564 2654 cod:
596 2618 768 2665 Quintil.
798 2618 939 2656 Turic.
971 2618 1067 2665 (IX,
1099 2624 1135 2662 1,
1163 2620 1254 2665 27.)
1285 2618 1376 2655 coll.
1403 2619 1596 2664 Orat.IIl,
1626 2619 1763 2666 5-171·
1793 2619 2115 2664 „Collocationis
2145 2624 2204 2654 est
2234 2630 2485 2665 componere

307 2668 433 2706 ve-ba
462 2670 539 2712 sic,
578 2677 625 2706 ut
651 2681 755 2706 neve
784 2682 938 2719 asper
976 2683 1121 2708 eorum
1151 2681 1371 2708 concursus
1400 2683 1504 2708 neve
1532 2670 1695 2709 hiulcus
1724 2673 1796 2716 sit,
1837 2674 1904 2709 sed
1935 2671 2237 2721 quodammodo
2269 2684 2482 2719 coagmen-

308 2729 417 2763 tatus
447 2729 487 2757 et
514 2722 660 2758 levis-⁴
690 2723 729 2766 ⁴¹)
784 2722 907 2760 Hunc
937 2725 1051 2760 enim
1080 2724 1219 2760 locum
1248 2730 1403 2772 spectat
1431 2723 1577 2760 Cicero
1607 2724 1641 2771 5.
1668 2729 1757 2765 201.
1787 2725 1878 2760 coll.
1915 2725 1948 2770 5.
1980 2729 2065 2766 199.
2119 2722 2178 2758 Cf.
2207 2723 2257 2758 de
2286 2731 2365 2770 opt.
2394 2736 2486 2771 gen.

310 2780 430 2809 oratt.
459 2772 494 2821 5.
523 2778 582 2817 5.,
610 2773 683 2810 ubi
712 2785 764 2809 ex
793 2775 879 2810 cod.
909 2776 984 2812 Ox.
1014 2774 1257 2812 Schuetzius
1286 2782 1327 2811 et
1355 2775 1536 2811 Orellius
1565 2775 1877 2812 laevitatem
1905 2782 2161 2823 receperunt.
2190 2795 2240 2802 —
2296 2776 2407 2811 Orat.
2435 2777 2483 2820 11,

392 2894 432 2940 9)
480 2892 640 2941 Orellius
661 2893 700 2925 in
721 2895 913 2928 scribendo
937 2895 1108 2929 vocabulo
1131 2896 1253 2930 levis
1274 2897 1313 2929 in
1335 2903 1501 2931 constans
1525 2902 1592 2937 est,
1634 2897 1729 2937 ibid,
1751 2897 1797 2933 cf.
1820 2898 1956 2934 le'via,
2000 2899 2083 2932 Nat.
2105 2900 2152 2935 D.
2175 2898 2208 2939 Ι,
2233 2896 2266 2938 5.
2288 2898 2342 2936 66.
2364 2898 2484 2930 leve.

479 2935 571 2969 ibid.
593 2936 651 2978 11,
673 2935 710 2979 §0
731 2937 806 2976 m.
826 2938 1113 2976 laevitatem
1142 2939 1168 2975 1.
1189 2940 1216 2976 1.
