<?xml version="1.0" encoding="UTF-8"?>
<!DOCTYPE html PUBLIC "-//W3C//DTD XHTML 1.0 Transitional//EN"
    "http://www.w3.org/TR/xhtml1/DTD/xhtml1-transitional.dtd">
<html xmlns="http://www.w3.org/1999/xhtml" xml:lang="en" lang="en">
 <head>
  <title>
</title>
<meta http-equiv="Content-Type" content="text/html;charset=utf-8" />
  <meta name='ocr-system' content='tesseract 3.04.00' />
  <meta name='ocr-capabilities' content='ocr_page ocr_carea ocr_par ocr_line ocrx_word'/>
</head>
<body>
  <div class='ocr_page' id='page_1' title='image "./4768900_0010.png"; bbox 0 0 2690 3197; ppageno 0'>
   <div class='ocr_carea' id='block_1_1' title="bbox 0 0 370 140">
    <p class='ocr_par' dir='ltr' id='par_1_1' title="bbox 0 0 370 140">
     <span class='ocr_line' id='line_1_1' title="bbox 0 0 370 140; baseline 0 3057"><span class='ocrx_word' id='word_1_1' title='bbox 0 0 370 140; x_wconf 95' lang='lat' dir='ltr'> </span> 
     </span>
    </p>
   </div>
   <div class='ocr_carea' id='block_1_2' title="bbox 1281 70 1314 115">
    <p class='ocr_par' dir='ltr' id='par_1_2' title="bbox 1281 70 1314 115">
     <span class='ocr_line' id='line_1_2' title="bbox 1281 70 1314 115; baseline 0 0"><span class='ocrx_word' id='word_1_2' title='bbox 1281 70 1314 115; x_wconf 74' lang='lat'>4</span> 
     </span>
    </p>
   </div>
   <div class='ocr_carea' id='block_1_3' title="bbox 1174 131 1424 142">
    <p class='ocr_par' dir='ltr' id='par_1_3' title="bbox 1174 131 1424 142">
     <span class='ocr_line' id='line_1_3' title="bbox 1174 131 1424 142; baseline 0 0"><span class='ocrx_word' id='word_1_3' title='bbox 1174 131 1424 142; x_wconf 95' lang='lat' dir='ltr'> </span> 
     </span>
    </p>
   </div>
   <div class='ocr_carea' id='block_1_4' title="bbox 154 214 2417 2100">
    <p class='ocr_par' dir='ltr' id='par_1_4' title="bbox 154 214 2414 1889">
     <span class='ocr_line' id='line_1_4' title="bbox 200 214 2400 268; baseline 0.001 -15"><span class='ocrx_word' id='word_1_4' title='bbox 200 214 460 262; x_wconf 62' lang='grc' dir='ltr'>ώκωὶί,</span> <span class='ocrx_word' id='word_1_5' title='bbox 496 214 551 253; x_wconf 83' lang='lat' dir='ltr'>ad</span> <span class='ocrx_word' id='word_1_6' title='bbox 584 219 772 252; x_wconf 84' lang='lat' dir='ltr'>nostram</span> <span class='ocrx_word' id='word_1_7' title='bbox 798 218 982 253; x_wconf 86' lang='lat' dir='ltr'>aetatem</span> <span class='ocrx_word' id='word_1_8' title='bbox 1017 215 1313 264; x_wconf 81' lang='lat' dir='ltr'>pervenerint,</span> <span class='ocrx_word' id='word_1_9' title='bbox 1351 221 1423 263; x_wconf 72' lang='lat' dir='ltr'>aut</span> <span class='ocrx_word' id='word_1_10' title='bbox 1460 221 1574 254; x_wconf 87' lang='lat' dir='ltr'>certe</span> <span class='ocrx_word' id='word_1_11' title='bbox 1611 226 1646 253; x_wconf 81' lang='lat' dir='ltr'>a·</span> <span class='ocrx_word' id='word_1_12' title='bbox 1670 216 1955 266; x_wconf 71' lang='lat' dir='ltr'>grammatici·</span> <span class='ocrx_word' id='word_1_13' title='bbox 1993 223 2065 257; x_wconf 80' lang='lat' dir='ltr'>aut</span> <span class='ocrx_word' id='word_1_14' title='bbox 2099 216 2400 268; x_wconf 85' lang='lat' dir='ltr'>interpretibus</span> 
     </span>
     <span class='ocr_line' id='line_1_5' title="bbox 201 266 2399 320; baseline -0.001 -9"><span class='ocrx_word' id='word_1_15' title='bbox 201 268 429 317; x_wconf 56' lang='lat' dir='ltr'>ventibus,</span> <span class='ocrx_word' id='word_1_16' title='bbox 459 279 563 320; x_wconf 85' lang='lat' dir='ltr'>quae</span> <span class='ocrx_word' id='word_1_17' title='bbox 590 277 811 306; x_wconf 83' lang='lat' dir='ltr'>causarum</span> <span class='ocrx_word' id='word_1_18' title='bbox 837 266 968 305; x_wconf 78' lang='lat' dir='ltr'>fuerit</span> <span class='ocrx_word' id='word_1_19' title='bbox 996 268 1180 306; x_wconf 87' lang='lat' dir='ltr'>conditio</span> <span class='ocrx_word' id='word_1_20' title='bbox 1210 281 1258 306; x_wconf 83' lang='lat' dir='ltr'>ac</span> <span class='ocrx_word' id='word_1_21' title='bbox 1286 275 1450 315; x_wconf 87' lang='lat' dir='ltr'>natura,</span> <span class='ocrx_word' id='word_1_22' title='bbox 1479 268 1622 318; x_wconf 87' lang='lat' dir='ltr'>paullo</span> <span class='ocrx_word' id='word_1_23' title='bbox 1650 271 1882 309; x_wconf 72' lang='lat' dir='ltr'><strong>accuratius</strong></span> <span class='ocrx_word' id='word_1_24' title='bbox 1911 272 1964 308; x_wconf 87' lang='lat' dir='ltr'>sit</span> <span class='ocrx_word' id='word_1_25' title='bbox 1987 273 2234 319; x_wconf 85' lang='lat' dir='ltr'>expositum.</span> <span class='ocrx_word' id='word_1_26' title='bbox 2288 272 2399 310; x_wconf 85' lang='lat' dir='ltr'>Nam</span> 
     </span>
     <span class='ocr_line' id='line_1_6' title="bbox 199 320 2400 377; baseline -0 -16"><span class='ocrx_word' id='word_1_27' title='bbox 199 320 629 377; x_wconf 22' lang='lat' dir='ltr'>paeterrAsconium</span> <span class='ocrx_word' id='word_1_28' title='bbox 665 326 707 357; x_wconf 89' lang='lat' dir='ltr'>et</span> <span class='ocrx_word' id='word_1_29' title='bbox 733 320 1161 358; x_wconf 82' lang='lat' dir='ltr'>Pseudo-Asconium</span> <span class='ocrx_word' id='word_1_30' title='bbox 1197 321 1308 357; x_wconf 88' lang='lat' dir='ltr'><strong>nihil</strong></span> <span class='ocrx_word' id='word_1_31' title='bbox 1343 321 1433 358; x_wconf 85' lang='lat' dir='ltr'>fere</span> <span class='ocrx_word' id='word_1_32' title='bbox 1463 327 1604 366; x_wconf 78' lang='lat' dir='ltr'>extat,</span> <span class='ocrx_word' id='word_1_33' title='bbox 1647 322 1770 371; x_wconf 71' lang='lat' dir='ltr'>quod·</span> <span class='ocrx_word' id='word_1_34' title='bbox 1793 323 1846 367; x_wconf 79' lang='lat' dir='ltr'>ad</span> <span class='ocrx_word' id='word_1_35' title='bbox 1871 322 2145 374; x_wconf 66' lang='lat' dir='ltr'>liliustrandas</span> <span class='ocrx_word' id='word_1_36' title='bbox 2185 322 2400 362; x_wconf 84' lang='lat' dir='ltr'>Ciceronis</span> 
     </span>
     <span class='ocr_line' id='line_1_7' title="bbox 202 371 2401 425; baseline -0.001 -10"><span class='ocrx_word' id='word_1_37' title='bbox 202 376 418 418; x_wconf 60' lang='lat' dir='ltr'>nationes</span> <span class='ocrx_word' id='word_1_38' title='bbox 443 372 587 423; x_wconf 79' lang='lat' dir='ltr'>mgni</span> <span class='ocrx_word' id='word_1_39' title='bbox 622 371 677 410; x_wconf 84' lang='lat' dir='ltr'>sit</span> <span class='ocrx_word' id='word_1_40' title='bbox 703 373 911 411; x_wconf 81' lang='lat' dir='ltr'><strong>momenti</strong></span> <span class='ocrx_word' id='word_1_41' title='bbox 947 385 996 410; x_wconf 87' lang='lat' dir='ltr'>ac</span> <span class='ocrx_word' id='word_1_42' title='bbox 1031 374 1250 422; x_wconf 81' lang='lat' dir='ltr'>ponderis3</span> <span class='ocrx_word' id='word_1_43' title='bbox 1294 383 1508 411; x_wconf 87' lang='lat' dir='ltr'>oratorum</span> <span class='ocrx_word' id='word_1_44' title='bbox 1545 386 1645 410; x_wconf 82' lang='lat' dir='ltr'>vero</span> <span class='ocrx_word' id='word_1_45' title='bbox 1685 374 1884 412; x_wconf 85' lang='lat' dir='ltr'>Ciceroni</span> <span class='ocrx_word' id='word_1_46' title='bbox 1919 377 2155 425; x_wconf 76' lang='lat' dir='ltr'>aequalium</span> <span class='ocrx_word' id='word_1_47' title='bbox 2192 374 2401 413; x_wconf 81' lang='lat' dir='ltr'>memoria</span> 
     </span>
     <span class='ocr_line' id='line_1_8' title="bbox 200 423 2401 479; baseline 0.001 -17"><span class='ocrx_word' id='word_1_48' title='bbox 200 435 373 466; x_wconf 64' lang='lat' dir='ltr'>santum</span> <span class='ocrx_word' id='word_1_49' title='bbox 399 431 610 475; x_wconf 87' lang='lat' dir='ltr'>superest,</span> <span class='ocrx_word' id='word_1_50' title='bbox 650 426 892 462; x_wconf 90' lang='lat' dir='ltr'>orationum</span> <span class='ocrx_word' id='word_1_51' title='bbox 920 436 1052 472; x_wconf 86' lang='lat' dir='ltr'>paene</span> <span class='ocrx_word' id='word_1_52' title='bbox 1080 425 1200 461; x_wconf 82' lang='lat' dir='ltr'>nihil.</span> <span class='ocrx_word' id='word_1_53' title='bbox 1285 426 1337 462; x_wconf 90' lang='lat' dir='ltr'>Et</span> <span class='ocrx_word' id='word_1_54' title='bbox 1376 437 1473 462; x_wconf 77' lang='lat' dir='ltr'>sane</span> <span class='ocrx_word' id='word_1_55' title='bbox 1512 424 1636 462; x_wconf 84' lang='lat' dir='ltr'>multi</span> <span class='ocrx_word' id='word_1_56' title='bbox 1670 423 1824 463; x_wconf 87' lang='lat' dir='ltr'>horum</span> <span class='ocrx_word' id='word_1_57' title='bbox 1860 433 1944 465; x_wconf 85' lang='lat' dir='ltr'>tam</span> <span class='ocrx_word' id='word_1_58' title='bbox 1974 427 2182 479; x_wconf 73' lang='lat' dir='ltr'><strong>ignobiles</strong></span> <span class='ocrx_word' id='word_1_59' title='bbox 2211 433 2332 465; x_wconf 85' lang='lat' dir='ltr'>erant</span> <span class='ocrx_word' id='word_1_60' title='bbox 2358 431 2401 464; x_wconf 83' lang='lat' dir='ltr'>et</span> 
     </span>
     <span class='ocr_line' id='line_1_9' title="bbox 205 476 2402 527; baseline -0.003 -6"><span class='ocrx_word' id='word_1_61' title='bbox 205 480 394 527; x_wconf 70' lang='lat' dir='ltr'>obscuri,</span> <span class='ocrx_word' id='word_1_62' title='bbox 420 485 468 517; x_wconf 79' lang='lat' dir='ltr'>ut</span> <span class='ocrx_word' id='word_1_63' title='bbox 493 476 737 517; x_wconf 76' lang='lat' dir='ltr'>litterarum</span> <span class='ocrx_word' id='word_1_64' title='bbox 763 477 884 515; x_wconf 86' lang='lat' dir='ltr'>nullo</span> <span class='ocrx_word' id='word_1_65' title='bbox 914 477 1168 516; x_wconf 74' lang='lat' dir='ltr'>detrimento</span> <span class='ocrx_word' id='word_1_66' title='bbox 1196 478 1321 515; x_wconf 85' lang='lat' dir='ltr'>facile</span> <span class='ocrx_word' id='word_1_67' title='bbox 1349 479 1400 514; x_wconf 85' lang='lat' dir='ltr'>iis</span> <span class='ocrx_word' id='word_1_68' title='bbox 1429 483 1664 522; x_wconf 78' lang='lat' dir='ltr'>careamus3</span> <span class='ocrx_word' id='word_1_69' title='bbox 1701 483 2062 526; x_wconf 80' lang='lat' dir='ltr'><strong>praestantiorum</strong></span> <span class='ocrx_word' id='word_1_70' title='bbox 2092 494 2190 517; x_wconf 83' lang='lat' dir='ltr'>vero</span> <span class='ocrx_word' id='word_1_71' title='bbox 2220 489 2261 516; x_wconf 89' lang='lat' dir='ltr'>et</span> <span class='ocrx_word' id='word_1_72' title='bbox 2285 478 2402 515; x_wconf 82' lang='lat' dir='ltr'>nobi-</span> 
     </span>
     <span class='ocr_line' id='line_1_10' title="bbox 154 525 2401 581; baseline -0.002 -11"><span class='ocrx_word' id='word_1_73' title='bbox 154 525 346 579; x_wconf 57' lang='lat' dir='ltr'>fusum</span> <span class='ocrx_word' id='word_1_74' title='bbox 380 536 626 573; x_wconf 79' lang='lat' dir='ltr'>oratorum,</span> <span class='ocrx_word' id='word_1_75' title='bbox 661 530 902 574; x_wconf 77' lang='lat' dir='ltr'><strong>Hortensii,</strong></span> <span class='ocrx_word' id='word_1_76' title='bbox 941 528 1131 575; x_wconf 86' lang='lat' dir='ltr'>Catonis,</span> <span class='ocrx_word' id='word_1_77' title='bbox 1171 529 1346 579; x_wconf 84' lang='lat' dir='ltr'>Sulpicii</span> <span class='ocrx_word' id='word_1_78' title='bbox 1387 530 1595 566; x_wconf 88' lang='lat' dir='ltr'>orationes</span> <span class='ocrx_word' id='word_1_79' title='bbox 1632 529 1827 567; x_wconf 82' lang='lat' dir='ltr'><strong>fortunae</strong></span> <span class='ocrx_word' id='word_1_80' title='bbox 1863 531 2062 581; x_wconf 87' lang='lat' dir='ltr'>iniquitas</span> <span class='ocrx_word' id='word_1_81' title='bbox 2090 532 2208 570; x_wconf 89' lang='lat' dir='ltr'>uobis</span> <span class='ocrx_word' id='word_1_82' title='bbox 2237 528 2401 581; x_wconf 86' lang='lat' dir='ltr'>eripuit.</span> 
     </span>
     <span class='ocr_line' id='line_1_11' title="bbox 203 580 2401 633; baseline -0.003 -8"><span class='ocrx_word' id='word_1_83' title='bbox 203 580 326 626; x_wconf 60' lang='lat' dir='ltr'>I&#39;dem</span> <span class='ocrx_word' id='word_1_84' title='bbox 351 582 509 622; x_wconf 83' lang='lat' dir='ltr'>accidit</span> <span class='ocrx_word' id='word_1_85' title='bbox 534 582 583 620; x_wconf 88' lang='lat' dir='ltr'>in</span> <span class='ocrx_word' id='word_1_86' title='bbox 609 580 688 633; x_wconf 81' lang='lat' dir='ltr'>hac</span> <span class='ocrx_word' id='word_1_87' title='bbox 713 588 858 620; x_wconf 84' lang='lat' dir='ltr'>nostra</span> <span class='ocrx_word' id='word_1_88' title='bbox 887 594 1029 627; x_wconf 88' lang='lat' dir='ltr'>causa;</span> <span class='ocrx_word' id='word_1_89' title='bbox 1064 582 1320 619; x_wconf 88' lang='lat' dir='ltr'>interierunt</span> <span class='ocrx_word' id='word_1_90' title='bbox 1350 583 1463 619; x_wconf 90' lang='lat' dir='ltr'>enim</span> <span class='ocrx_word' id='word_1_91' title='bbox 1492 594 1635 619; x_wconf 87' lang='lat' dir='ltr'>omnes</span> <span class='ocrx_word' id='word_1_92' title='bbox 1671 582 1718 619; x_wconf 86' lang='lat' dir='ltr'>L.</span> <span class='ocrx_word' id='word_1_93' title='bbox 1746 582 1966 631; x_wconf 83' lang='lat' dir='ltr'>Calpurnii</span> <span class='ocrx_word' id='word_1_94' title='bbox 1992 586 2152 621; x_wconf 81' lang='lat' dir='ltr'>Pisonis</span> <span class='ocrx_word' id='word_1_95' title='bbox 2180 585 2401 626; x_wconf 81' lang='lat' dir='ltr'>orationes,</span> 
     </span>
     <span class='ocr_line' id='line_1_12' title="bbox 205 632 2404 687; baseline -0.001 -11"><span class='ocrx_word' id='word_1_96' title='bbox 205 636 382 676; x_wconf 80' lang='lat' dir='ltr'>oratoris</span> <span class='ocrx_word' id='word_1_97' title='bbox 410 634 575 672; x_wconf 81' lang='lat' dir='ltr'>statarii</span> <span class='ocrx_word' id='word_1_98' title='bbox 602 640 644 671; x_wconf 90' lang='lat' dir='ltr'>et</span> <span class='ocrx_word' id='word_1_99' title='bbox 670 633 877 672; x_wconf 84' lang='lat' dir='ltr'>sermonis</span> <span class='ocrx_word' id='word_1_100' title='bbox 905 634 1037 682; x_wconf 88' lang='lat' dir='ltr'>pleni,</span> <span class='ocrx_word' id='word_1_101' title='bbox 1069 636 1132 684; x_wconf 90' lang='lat' dir='ltr'>(ut</span> <span class='ocrx_word' id='word_1_102' title='bbox 1158 640 1304 671; x_wconf 88' lang='lat' dir='ltr'>narrat</span> <span class='ocrx_word' id='word_1_103' title='bbox 1327 634 1476 672; x_wconf 87' lang='lat' dir='ltr'>Cicero</span> <span class='ocrx_word' id='word_1_104' title='bbox 1504 634 1549 670; x_wconf 91' lang='lat' dir='ltr'>in</span> <span class='ocrx_word' id='word_1_105' title='bbox 1568 632 1697 671; x_wconf 84' lang='lat' dir='ltr'>Bruto</span> <span class='ocrx_word' id='word_1_106' title='bbox 1716 634 1783 682; x_wconf 81' lang='lat'>68,</span> <span class='ocrx_word' id='word_1_107' title='bbox 1810 635 1922 684; x_wconf 79' lang='lat'><strong>239.)</strong></span> <span class='ocrx_word' id='word_1_108' title='bbox 1952 636 2023 687; x_wconf 93' lang='lat' dir='ltr'>qui</span> <span class='ocrx_word' id='word_1_109' title='bbox 2040 636 2216 676; x_wconf 87' lang='lat' dir='ltr'>minime</span> <span class='ocrx_word' id='word_1_110' title='bbox 2234 633 2404 687; x_wconf 85' lang='lat' dir='ltr'>quidem</span> 
     </span>
     <span class='ocr_line' id='line_1_13' title="bbox 204 686 2402 740; baseline -0.002 -12"><span class='ocrx_word' id='word_1_111' title='bbox 204 689 347 740; x_wconf 80' lang='lat' dir='ltr'>sardus</span> <span class='ocrx_word' id='word_1_112' title='bbox 373 688 422 727; x_wconf 88' lang='lat' dir='ltr'>in</span> <span class='ocrx_word' id='word_1_113' title='bbox 451 686 750 736; x_wconf 76' lang='lat' dir='ltr'>excogitando,</span> <span class='ocrx_word' id='word_1_114' title='bbox 781 686 1073 725; x_wconf 77' lang='lat' dir='ltr'>verumtamen</span> <span class='ocrx_word' id='word_1_115' title='bbox 1102 688 1223 734; x_wconf 55' lang='lat' dir='ltr'>vultu⁴</span> <span class='ocrx_word' id='word_1_116' title='bbox 1246 695 1289 724; x_wconf 92' lang='lat' dir='ltr'>et</span> <span class='ocrx_word' id='word_1_117' title='bbox 1316 688 1585 724; x_wconf 75' lang='lat' dir='ltr'>simulatione</span> <span class='ocrx_word' id='word_1_118' title='bbox 1611 690 1743 725; x_wconf 90' lang='lat' dir='ltr'>multo</span> <span class='ocrx_word' id='word_1_119' title='bbox 1772 689 1900 726; x_wconf 83' lang='lat' dir='ltr'>etiam</span> <span class='ocrx_word' id='word_1_120' title='bbox 1927 690 2113 735; x_wconf 78' lang='lat' dir='ltr'>acutior,</span> <span class='ocrx_word' id='word_1_121' title='bbox 2149 702 2273 738; x_wconf 87' lang='lat' dir='ltr'>quam</span> <span class='ocrx_word' id='word_1_122' title='bbox 2300 693 2402 730; x_wconf 83' lang='lat' dir='ltr'>erat,</span> 
     </span>
     <span class='ocr_line' id='line_1_14' title="bbox 204 738 2404 792; baseline -0.001 -13"><span class='ocrx_word' id='word_1_123' title='bbox 204 741 438 779; x_wconf 79' lang='lat' dir='ltr'>videbatur.</span> <span class='ocrx_word' id='word_1_124' title='bbox 489 739 639 787; x_wconf 81' lang='lat' dir='ltr'>Neque</span> <span class='ocrx_word' id='word_1_125' title='bbox 659 738 804 777; x_wconf 87' lang='lat' dir='ltr'>-ullum</span> <span class='ocrx_word' id='word_1_126' title='bbox 834 745 1025 777; x_wconf 80' lang='lat' dir='ltr'>veterum</span> <span class='ocrx_word' id='word_1_127' title='bbox 1054 740 1306 789; x_wconf 89' lang='lat' dir='ltr'>scriptorum</span> <span class='ocrx_word' id='word_1_128' title='bbox 1335 739 1386 776; x_wconf 88' lang='lat' dir='ltr'>de</span> <span class='ocrx_word' id='word_1_129' title='bbox 1412 746 1553 777; x_wconf 83' lang='lat' dir='ltr'>nostra</span> <span class='ocrx_word' id='word_1_130' title='bbox 1574 739 1764 777; x_wconf 87' lang='lat' dir='ltr'>oratione</span> <span class='ocrx_word' id='word_1_131' title='bbox 1784 745 1826 776; x_wconf 91' lang='lat' dir='ltr'>et</span> <span class='ocrx_word' id='word_1_132' title='bbox 1843 740 1895 778; x_wconf 92' lang='lat' dir='ltr'>de</span> <span class='ocrx_word' id='word_1_133' title='bbox 1912 752 2046 788; x_wconf 86' lang='lat' dir='ltr'>causa,</span> <span class='ocrx_word' id='word_1_134' title='bbox 2076 753 2201 792; x_wconf 87' lang='lat' dir='ltr'>quam</span> <span class='ocrx_word' id='word_1_135' title='bbox 2219 738 2404 779; x_wconf 80' lang='lat' dir='ltr'>defendit</span> 
     </span>
     <span class='ocr_line' id='line_1_15' title="bbox 206 791 2405 839; baseline -0.003 -5"><span class='ocrx_word' id='word_1_136' title='bbox 206 801 377 839; x_wconf 78' lang='lat' dir='ltr'>orator,</span> <span class='ocrx_word' id='word_1_137' title='bbox 413 791 616 830; x_wconf 84' lang='lat' dir='ltr'>habemus</span> <span class='ocrx_word' id='word_1_138' title='bbox 652 791 968 836; x_wconf 83' lang='lat' dir='ltr'>testimonium,</span> <span class='ocrx_word' id='word_1_139' title='bbox 1005 793 1089 829; x_wconf 84' lang='lat' dir='ltr'>nisi</span> <span class='ocrx_word' id='word_1_140' title='bbox 1126 805 1260 829; x_wconf 89' lang='lat' dir='ltr'>unum</span> <span class='ocrx_word' id='word_1_141' title='bbox 1295 791 1404 828; x_wconf 87' lang='lat' dir='ltr'>illud</span> <span class='ocrx_word' id='word_1_142' title='bbox 1432 792 1649 828; x_wconf 78' lang='lat' dir='ltr'>Ciceronis</span> <span class='ocrx_word' id='word_1_143' title='bbox 1678 793 1792 828; x_wconf 81' lang='lat' dir='ltr'>Orat.</span> <span class='ocrx_word' id='word_1_144' title='bbox 1818 797 1895 837; x_wconf 83' lang='lat'>29,</span> <span class='ocrx_word' id='word_1_145' title='bbox 1926 798 2014 835; x_wconf 80' lang='lat'><strong>102.</strong></span> <span class='ocrx_word' id='word_1_146' title='bbox 2069 794 2236 839; x_wconf 86' lang='lat' dir='ltr'>„Tota</span> <span class='ocrx_word' id='word_1_147' title='bbox 2269 791 2405 829; x_wconf 83' lang='lat' dir='ltr'>mihi</span> 
     </span>
     <span class='ocr_line' id='line_1_16' title="bbox 205 842 2403 894; baseline -0.002 -9"><span class='ocrx_word' id='word_1_148' title='bbox 205 856 368 885; x_wconf 84' lang='lat' dir='ltr'>causa</span> <span class='ocrx_word' id='word_1_149' title='bbox 402 855 497 894; x_wconf 85' lang='lat' dir='ltr'>pro</span> <span class='ocrx_word' id='word_1_150' title='bbox 535 842 770 880; x_wconf 85' lang='lat' dir='ltr'>Caecina</span> <span class='ocrx_word' id='word_1_151' title='bbox 817 843 878 880; x_wconf 89' lang='lat' dir='ltr'>de</span> <span class='ocrx_word' id='word_1_152' title='bbox 915 843 1099 880; x_wconf 88' lang='lat' dir='ltr'>verbis</span> <span class='ocrx_word' id='word_1_153' title='bbox 1136 843 1427 881; x_wconf 81' lang='lat' dir='ltr'>interdicti</span> <span class='ocrx_word' id='word_1_154' title='bbox 1462 843 1597 888; x_wconf 77' lang='lat' dir='ltr'>fuit3</span> <span class='ocrx_word' id='word_1_155' title='bbox 1644 854 1730 880; x_wconf 92' lang='lat' dir='ltr'>res</span> <span class='ocrx_word' id='word_1_156' title='bbox 1765 843 2047 883; x_wconf 79' lang='lat' dir='ltr'>involutas</span> <span class='ocrx_word' id='word_1_157' title='bbox 2086 843 2403 882; x_wconf 78' lang='lat' dir='ltr'>definiendo</span> 
     </span>
     <span class='ocr_line' id='line_1_17' title="bbox 205 895 2403 947; baseline -0.001 -12"><span class='ocrx_word' id='word_1_158' title='bbox 205 895 624 946; x_wconf 68' lang='lat' dir='ltr'>explicavimus,</span> <span class='ocrx_word' id='word_1_159' title='bbox 663 896 744 932; x_wconf 85' lang='lat' dir='ltr'>ius</span> <span class='ocrx_word' id='word_1_160' title='bbox 782 895 950 931; x_wconf 85' lang='lat' dir='ltr'>civile</span> <span class='ocrx_word' id='word_1_161' title='bbox 984 895 1352 939; x_wconf 73' lang='lat' dir='ltr'>laudavimus,</span> <span class='ocrx_word' id='word_1_162' title='bbox 1392 895 1550 931; x_wconf 85' lang='lat' dir='ltr'>verba</span> <span class='ocrx_word' id='word_1_163' title='bbox 1586 895 1837 944; x_wconf 83' lang='lat' dir='ltr'>ambigua</span> <span class='ocrx_word' id='word_1_164' title='bbox 1873 896 2283 944; x_wconf 86' lang='lat' dir='ltr'>distinximus;“</span> <span class='ocrx_word' id='word_1_165' title='bbox 2324 908 2403 947; x_wconf 83' lang='lat' dir='ltr'>quo</span> 
     </span>
     <span class='ocr_line' id='line_1_18' title="bbox 205 945 2402 1004; baseline 0 -17"><span class='ocrx_word' id='word_1_166' title='bbox 205 949 377 1004; x_wconf 82' lang='lat' dir='ltr'>quidem</span> <span class='ocrx_word' id='word_1_167' title='bbox 401 947 647 986; x_wconf 82' lang='lat' dir='ltr'>testimonio</span> <span class='ocrx_word' id='word_1_168' title='bbox 674 945 781 984; x_wconf 90' lang='lat' dir='ltr'>nihil</span> <span class='ocrx_word' id='word_1_169' title='bbox 809 945 1074 997; x_wconf 83' lang='lat' dir='ltr'>proficimus,</span> <span class='ocrx_word' id='word_1_170' title='bbox 1112 947 1195 984; x_wconf 89' lang='lat' dir='ltr'>nisi</span> <span class='ocrx_word' id='word_1_171' title='bbox 1223 947 1315 998; x_wconf 84' lang='lat' dir='ltr'>quis</span> <span class='ocrx_word' id='word_1_172' title='bbox 1345 946 1594 986; x_wconf 85' lang='lat' dir='ltr'>Ciceronem</span> <span class='ocrx_word' id='word_1_173' title='bbox 1628 945 1736 986; x_wconf 89' lang='lat' dir='ltr'>hanc</span> <span class='ocrx_word' id='word_1_174' title='bbox 1763 949 2000 991; x_wconf 82' lang='lat' dir='ltr'>orationem</span> <span class='ocrx_word' id='word_1_175' title='bbox 2025 949 2102 988; x_wconf 91' lang='lat' dir='ltr'>illo</span> <span class='ocrx_word' id='word_1_176' title='bbox 2130 949 2226 988; x_wconf 89' lang='lat' dir='ltr'>loco</span> <span class='ocrx_word' id='word_1_177' title='bbox 2253 948 2402 987; x_wconf 84' lang='lat' dir='ltr'>iccirco</span> 
     </span>
     <span class='ocr_line' id='line_1_19' title="bbox 208 999 2407 1051; baseline -0.002 -10"><span class='ocrx_word' id='word_1_178' title='bbox 208 1010 563 1046; x_wconf 68' lang='lat' dir='ltr'>commemorasse</span> <span class='ocrx_word' id='word_1_179' title='bbox 591 1000 831 1044; x_wconf 76' lang='lat' dir='ltr'>arbitratur,</span> <span class='ocrx_word' id='word_1_180' title='bbox 860 1006 907 1036; x_wconf 89' lang='lat' dir='ltr'>ut</span> <span class='ocrx_word' id='word_1_181' title='bbox 934 999 1183 1050; x_wconf 80' lang='lat' dir='ltr'>impeditam</span> <span class='ocrx_word' id='word_1_182' title='bbox 1211 1001 1382 1049; x_wconf 91' lang='lat' dir='ltr'>quidem</span> <span class='ocrx_word' id='word_1_183' title='bbox 1407 1013 1454 1037; x_wconf 88' lang='lat' dir='ltr'>ac</span> <span class='ocrx_word' id='word_1_184' title='bbox 1482 999 1696 1037; x_wconf 84' lang='lat' dir='ltr'>difficilem</span> <span class='ocrx_word' id='word_1_185' title='bbox 1726 1001 1798 1037; x_wconf 91' lang='lat' dir='ltr'>sed</span> <span class='ocrx_word' id='word_1_186' title='bbox 1823 1008 1968 1038; x_wconf 90' lang='lat' dir='ltr'>tamen</span> <span class='ocrx_word' id='word_1_187' title='bbox 1993 1002 2147 1041; x_wconf 79' lang='lat' dir='ltr'>iustam</span> <span class='ocrx_word' id='word_1_188' title='bbox 2166 1014 2215 1040; x_wconf 88' lang='lat' dir='ltr'>ac</span> <span class='ocrx_word' id='word_1_189' title='bbox 2231 1001 2407 1051; x_wconf 80' lang='lat' dir='ltr'>probam</span> 
     </span>
     <span class='ocr_line' id='line_1_20' title="bbox 205 1050 2406 1101; baseline -0.002 -8"><span class='ocrx_word' id='word_1_190' title='bbox 205 1057 372 1097; x_wconf 77' lang='lat' dir='ltr'>causam</span> <span class='ocrx_word' id='word_1_191' title='bbox 396 1052 435 1091; x_wconf 61' lang='lat' dir='ltr'>‘a</span> <span class='ocrx_word' id='word_1_192' title='bbox 471 1062 515 1090; x_wconf 87' lang='lat' dir='ltr'>se</span> <span class='ocrx_word' id='word_1_193' title='bbox 554 1062 640 1089; x_wconf 86' lang='lat' dir='ltr'>esse</span> <span class='ocrx_word' id='word_1_194' title='bbox 675 1050 891 1089; x_wconf 77' lang='lat' dir='ltr'>defensam</span> <span class='ocrx_word' id='word_1_195' title='bbox 927 1050 1196 1101; x_wconf 83' lang='lat' dir='ltr'>significaret.</span> <span class='ocrx_word' id='word_1_196' title='bbox 1232 1073 1287 1082; x_wconf 93' lang='lat'><strong>—</strong></span> <span class='ocrx_word' id='word_1_197' title='bbox 1347 1053 1572 1090; x_wconf 79' lang='lat' dir='ltr'>Praeterea</span> <span class='ocrx_word' id='word_1_198' title='bbox 1609 1052 1661 1089; x_wconf 89' lang='lat' dir='ltr'>de</span> <span class='ocrx_word' id='word_1_199' title='bbox 1694 1051 1817 1091; x_wconf 77' lang='lat' dir='ltr'>huius</span> <span class='ocrx_word' id='word_1_200' title='bbox 1855 1066 2001 1092; x_wconf 86' lang='lat' dir='ltr'>causae</span> <span class='ocrx_word' id='word_1_201' title='bbox 2034 1062 2186 1092; x_wconf 85' lang='lat' dir='ltr'>natura</span> <span class='ocrx_word' id='word_1_202' title='bbox 2221 1054 2406 1092; x_wconf 80' lang='lat' dir='ltr'>iudicare</span> 
     </span>
     <span class='ocr_line' id='line_1_21' title="bbox 205 1101 2405 1158; baseline -0.001 -12"><span class='ocrx_word' id='word_1_203' title='bbox 205 1101 304 1146; x_wconf 82' lang='lat' dir='ltr'>ideo</span> <span class='ocrx_word' id='word_1_204' title='bbox 342 1104 509 1158; x_wconf 75' lang='lat' dir='ltr'>quoque</span> <span class='ocrx_word' id='word_1_205' title='bbox 546 1115 697 1154; x_wconf 85' lang='lat' dir='ltr'>anceps</span> <span class='ocrx_word' id='word_1_206' title='bbox 735 1110 797 1141; x_wconf 84' lang='lat' dir='ltr'>est</span> <span class='ocrx_word' id='word_1_207' title='bbox 831 1110 958 1153; x_wconf 83' lang='lat' dir='ltr'>atque</span> <span class='ocrx_word' id='word_1_208' title='bbox 993 1103 1224 1150; x_wconf 86' lang='lat' dir='ltr'>lubricum,</span> <span class='ocrx_word' id='word_1_209' title='bbox 1270 1105 1383 1155; x_wconf 82' lang='lat' dir='ltr'>quod</span> <span class='ocrx_word' id='word_1_210' title='bbox 1428 1101 1745 1155; x_wconf 84' lang='lat' dir='ltr'>recuperatores</span> <span class='ocrx_word' id='word_1_211' title='bbox 1780 1105 1868 1144; x_wconf 80' lang='lat' dir='ltr'>iam</span> <span class='ocrx_word' id='word_1_212' title='bbox 1906 1106 1970 1144; x_wconf 88' lang='lat' dir='ltr'>bis</span> <span class='ocrx_word' id='word_1_213' title='bbox 2006 1106 2085 1144; x_wconf 89' lang='lat' dir='ltr'>sibi</span> <span class='ocrx_word' id='word_1_214' title='bbox 2122 1119 2210 1145; x_wconf 88' lang='lat' dir='ltr'>non</span> <span class='ocrx_word' id='word_1_215' title='bbox 2244 1107 2405 1157; x_wconf 85' lang='lat' dir='ltr'>liquere</span> 
     </span>
     <span class='ocr_line' id='line_1_22' title="bbox 206 1155 2407 1212; baseline 0 -16"><span class='ocrx_word' id='word_1_216' title='bbox 206 1155 471 1212; x_wconf 75' lang='lat' dir='ltr'>ampliusque</span> <span class='ocrx_word' id='word_1_217' title='bbox 507 1168 595 1195; x_wconf 88' lang='lat' dir='ltr'>esse</span> <span class='ocrx_word' id='word_1_218' title='bbox 642 1156 983 1206; x_wconf 83' lang='lat' dir='ltr'>cognoscendum</span> <span class='ocrx_word' id='word_1_219' title='bbox 1017 1158 1365 1206; x_wconf 69' lang='lat' dir='ltr'>pronuntiarent3</span> <span class='ocrx_word' id='word_1_220' title='bbox 1413 1170 1494 1207; x_wconf 91' lang='lat' dir='ltr'>qua</span> <span class='ocrx_word' id='word_1_221' title='bbox 1530 1157 1804 1206; x_wconf 78' lang='lat' dir='ltr'>ampliatione</span> <span class='ocrx_word' id='word_1_222' title='bbox 1850 1159 2056 1209; x_wconf 80' lang='lat' dir='ltr'>colligere</span> <span class='ocrx_word' id='word_1_223' title='bbox 2101 1159 2206 1197; x_wconf 85' lang='lat' dir='ltr'>licet</span> <span class='ocrx_word' id='word_1_224' title='bbox 2244 1170 2407 1196; x_wconf 81' lang='lat' dir='ltr'>causam</span> 
     </span>
     <span class='ocr_line' id='line_1_23' title="bbox 203 1206 2405 1260; baseline -0.001 -10"><span class='ocrx_word' id='word_1_225' title='bbox 203 1211 448 1259; x_wconf 63' lang='lat' dir='ltr'>fuisse‘tam</span> <span class='ocrx_word' id='word_1_226' title='bbox 475 1206 728 1259; x_wconf 76' lang='lat' dir='ltr'>impeditam</span> <span class='ocrx_word' id='word_1_227' title='bbox 756 1221 805 1249; x_wconf 84' lang='lat' dir='ltr'>ac</span> <span class='ocrx_word' id='word_1_228' title='bbox 832 1208 1077 1256; x_wconf 78' lang='lat' dir='ltr'>difficilem,</span> <span class='ocrx_word' id='word_1_229' title='bbox 1114 1217 1183 1255; x_wconf 87' lang='lat' dir='ltr'>ut,</span> <span class='ocrx_word' id='word_1_230' title='bbox 1221 1217 1364 1248; x_wconf 90' lang='lat' dir='ltr'>utrum</span> <span class='ocrx_word' id='word_1_231' title='bbox 1393 1209 1667 1248; x_wconf 84' lang='lat' dir='ltr'>absolvendus</span> <span class='ocrx_word' id='word_1_232' title='bbox 1692 1222 1747 1249; x_wconf 82' lang='lat' dir='ltr'>an</span> <span class='ocrx_word' id='word_1_233' title='bbox 1775 1211 2035 1250; x_wconf 88' lang='lat' dir='ltr'>damnandus</span> <span class='ocrx_word' id='word_1_234' title='bbox 2060 1218 2167 1260; x_wconf 78' lang='lat' dir='ltr'>esset</span> <span class='ocrx_word' id='word_1_235' title='bbox 2192 1211 2405 1256; x_wconf 78' lang='lat' dir='ltr'>Aebutius,</span> 
     </span>
     <span class='ocr_line' id='line_1_24' title="bbox 203 1256 2409 1314; baseline -0.001 -12"><span class='ocrx_word' id='word_1_236' title='bbox 203 1256 498 1313; x_wconf 67' lang='lat' dir='ltr'>maximopere</span> <span class='ocrx_word' id='word_1_237' title='bbox 535 1261 816 1303; x_wconf 74' lang='lat' dir='ltr'>dubitandum</span> <span class='ocrx_word' id='word_1_238' title='bbox 854 1261 1080 1300; x_wconf 87' lang='lat' dir='ltr'>videretur.</span> <span class='ocrx_word' id='word_1_239' title='bbox 1162 1263 1361 1312; x_wconf 80' lang='lat' dir='ltr'>Denique</span> <span class='ocrx_word' id='word_1_240' title='bbox 1397 1262 1566 1300; x_wconf 77' lang='lat' dir='ltr'>accedit</span> <span class='ocrx_word' id='word_1_241' title='bbox 1603 1274 1676 1309; x_wconf 90' lang='lat' dir='ltr'>ea,</span> <span class='ocrx_word' id='word_1_242' title='bbox 1714 1276 1818 1313; x_wconf 85' lang='lat' dir='ltr'>quae</span> <span class='ocrx_word' id='word_1_243' title='bbox 1851 1264 1898 1301; x_wconf 88' lang='lat' dir='ltr'>in</span> <span class='ocrx_word' id='word_1_244' title='bbox 1933 1265 2024 1314; x_wconf 89' lang='lat' dir='ltr'>ipso</span> <span class='ocrx_word' id='word_1_245' title='bbox 2060 1265 2154 1302; x_wconf 89' lang='lat' dir='ltr'>iure</span> <span class='ocrx_word' id='word_1_246' title='bbox 2192 1270 2253 1301; x_wconf 86' lang='lat' dir='ltr'>est</span> <span class='ocrx_word' id='word_1_247' title='bbox 2277 1263 2409 1313; x_wconf 80' lang='lat' dir='ltr'>posita</span> 
     </span>
     <span class='ocr_line' id='line_1_25' title="bbox 207 1309 2409 1368; baseline -0.003 -11"><span class='ocrx_word' id='word_1_248' title='bbox 207 1314 445 1357; x_wconf 63' lang='lat' dir='ltr'>diffisum·-</span> <span class='ocrx_word' id='word_1_249' title='bbox 525 1314 668 1364; x_wconf 88' lang='lat' dir='ltr'>Quum</span> <span class='ocrx_word' id='word_1_250' title='bbox 705 1309 821 1368; x_wconf 38' lang='lat' dir='ltr'>etnim</span> <span class='ocrx_word' id='word_1_251' title='bbox 857 1321 1029 1364; x_wconf 83' lang='lat' dir='ltr'>praeter</span> <span class='ocrx_word' id='word_1_252' title='bbox 1064 1315 1130 1362; x_wconf 87' lang='lat' dir='ltr'>id,</span> <span class='ocrx_word' id='word_1_253' title='bbox 1167 1315 1279 1365; x_wconf 91' lang='lat' dir='ltr'>quod</span> <span class='ocrx_word' id='word_1_254' title='bbox 1306 1315 1456 1355; x_wconf 87' lang='lat' dir='ltr'>Cicero</span> <span class='ocrx_word' id='word_1_255' title='bbox 1485 1315 1536 1351; x_wconf 90' lang='lat' dir='ltr'>de</span> <span class='ocrx_word' id='word_1_256' title='bbox 1563 1315 1790 1353; x_wconf 87' lang='lat' dir='ltr'>interdicto</span> <span class='ocrx_word' id='word_1_257' title='bbox 1828 1316 1879 1354; x_wconf 90' lang='lat' dir='ltr'>de</span> <span class='ocrx_word' id='word_1_258' title='bbox 1907 1317 1949 1353; x_wconf 88' lang='lat' dir='ltr'>vi</span> <span class='ocrx_word' id='word_1_259' title='bbox 1976 1318 2022 1353; x_wconf 91' lang='lat' dir='ltr'>in</span> <span class='ocrx_word' id='word_1_260' title='bbox 2049 1323 2192 1354; x_wconf 88' lang='lat' dir='ltr'>nostra</span> <span class='ocrx_word' id='word_1_261' title='bbox 2221 1316 2409 1352; x_wconf 88' lang='lat' dir='ltr'>oratione</span> 
     </span>
     <span class='ocr_line' id='line_1_26' title="bbox 207 1365 2408 1417; baseline -0.001 -11"><span class='ocrx_word' id='word_1_262' title='bbox 207 1372 251 1410; x_wconf 59' lang='grc' dir='ltr'>οἱ</span> <span class='ocrx_word' id='word_1_263' title='bbox 274 1371 323 1406; x_wconf 90' lang='lat' dir='ltr'>in</span> <span class='ocrx_word' id='word_1_264' title='bbox 350 1366 550 1407; x_wconf 76' lang='lat' dir='ltr'>Tulliana</span> <span class='ocrx_word' id='word_1_265' title='bbox 577 1367 700 1414; x_wconf 84' lang='lat' dir='ltr'>dicit,</span> <span class='ocrx_word' id='word_1_266' title='bbox 729 1366 849 1405; x_wconf 77' lang='lat' dir='ltr'>&#39;nihil</span> <span class='ocrx_word' id='word_1_267' title='bbox 875 1365 1129 1413; x_wconf 80' lang='lat' dir='ltr'>habeamus,</span> <span class='ocrx_word' id='word_1_268' title='bbox 1153 1379 1278 1417; x_wconf 71' lang='lat' dir='ltr'>-quo,</span> <span class='ocrx_word' id='word_1_269' title='bbox 1319 1367 1419 1417; x_wconf 90' lang='lat' dir='ltr'>quid</span> <span class='ocrx_word' id='word_1_270' title='bbox 1449 1367 1666 1405; x_wconf 79' lang='lat' dir='ltr'>Ciceronis</span> <span class='ocrx_word' id='word_1_271' title='bbox 1706 1375 1840 1406; x_wconf 90' lang='lat' dir='ltr'>aetate</span> <span class='ocrx_word' id='word_1_272' title='bbox 1875 1369 1977 1406; x_wconf 87' lang='lat' dir='ltr'>iuris</span> <span class='ocrx_word' id='word_1_273' title='bbox 2014 1370 2063 1406; x_wconf 91' lang='lat' dir='ltr'>in</span> <span class='ocrx_word' id='word_1_274' title='bbox 2100 1380 2148 1406; x_wconf 90' lang='lat' dir='ltr'>ea</span> <span class='ocrx_word' id='word_1_275' title='bbox 2183 1380 2231 1405; x_wconf 88' lang='lat' dir='ltr'>re</span> <span class='ocrx_word' id='word_1_276' title='bbox 2268 1367 2408 1413; x_wconf 83' lang='lat' dir='ltr'>fuerit,</span> 
     </span>
     <span class='ocr_line' id='line_1_27' title="bbox 205 1420 2411 1471; baseline -0.002 -11"><span class='ocrx_word' id='word_1_277' title='bbox 205 1420 452 1471; x_wconf 77' lang='lat' dir='ltr'>intelligere</span> <span class='ocrx_word' id='word_1_278' title='bbox 479 1420 706 1470; x_wconf 73' lang='lat' dir='ltr'>possimus:</span> <span class='ocrx_word' id='word_1_279' title='bbox 732 1430 895 1458; x_wconf 68' lang='lat' dir='ltr'>reuma</span> <span class='ocrx_word' id='word_1_280' title='bbox 914 1431 970 1457; x_wconf 85' lang='lat' dir='ltr'>an</span> <span class='ocrx_word' id='word_1_281' title='bbox 998 1427 1115 1457; x_wconf 87' lang='lat' dir='ltr'>actor</span> <span class='ocrx_word' id='word_1_282' title='bbox 1142 1420 1295 1457; x_wconf 87' lang='lat' dir='ltr'>iustam</span> <span class='ocrx_word' id='word_1_283' title='bbox 1324 1420 1457 1468; x_wconf 86' lang='lat' dir='ltr'>egerit</span> <span class='ocrx_word' id='word_1_284' title='bbox 1485 1432 1651 1457; x_wconf 85' lang='lat' dir='ltr'>causam</span> <span class='ocrx_word' id='word_1_285' title='bbox 1679 1420 1905 1457; x_wconf 90' lang='lat' dir='ltr'>decernere</span> <span class='ocrx_word' id='word_1_286' title='bbox 1925 1427 1985 1457; x_wconf 93' lang='lat' dir='ltr'>est</span> <span class='ocrx_word' id='word_1_287' title='bbox 2005 1421 2258 1469; x_wconf 87' lang='lat' dir='ltr'>ambiguum.</span> <span class='ocrx_word' id='word_1_288' title='bbox 2302 1421 2411 1457; x_wconf 86' lang='lat' dir='ltr'>Nam</span> 
     </span>
     <span class='ocr_line' id='line_1_28' title="bbox 205 1470 2408 1525; baseline -0.002 -13"><span class='ocrx_word' id='word_1_289' title='bbox 205 1485 313 1525; x_wconf 83' lang='lat' dir='ltr'>quae</span> <span class='ocrx_word' id='word_1_290' title='bbox 339 1471 452 1522; x_wconf 78' lang='lat' dir='ltr'>apud</span> <span class='ocrx_word' id='word_1_291' title='bbox 470 1472 626 1510; x_wconf 86' lang='lat' dir='ltr'>Gaium</span> <span class='ocrx_word' id='word_1_292' title='bbox 646 1478 696 1509; x_wconf 86' lang='lat' dir='ltr'>et</span> <span class='ocrx_word' id='word_1_293' title='bbox 721 1472 771 1508; x_wconf 91' lang='lat' dir='ltr'>in</span> <span class='ocrx_word' id='word_1_294' title='bbox 788 1472 974 1521; x_wconf 84' lang='lat' dir='ltr'>Digestis</span> <span class='ocrx_word' id='word_1_295' title='bbox 1003 1471 1055 1508; x_wconf 91' lang='lat' dir='ltr'>de</span> <span class='ocrx_word' id='word_1_296' title='bbox 1083 1470 1164 1509; x_wconf 88' lang='lat' dir='ltr'>hoc</span> <span class='ocrx_word' id='word_1_297' title='bbox 1191 1471 1414 1509; x_wconf 87' lang='lat' dir='ltr'>interdicto</span> <span class='ocrx_word' id='word_1_298' title='bbox 1442 1479 1538 1509; x_wconf 84' lang='lat' dir='ltr'>sunt</span> <span class='ocrx_word' id='word_1_299' title='bbox 1554 1471 1723 1517; x_wconf 84' lang='lat' dir='ltr'>tradita,</span> <span class='ocrx_word' id='word_1_300' title='bbox 1752 1473 1922 1521; x_wconf 86' lang='lat' dir='ltr'>partim,</span> <span class='ocrx_word' id='word_1_301' title='bbox 1950 1485 2053 1510; x_wconf 91' lang='lat' dir='ltr'>num</span> <span class='ocrx_word' id='word_1_302' title='bbox 2076 1472 2289 1510; x_wconf 83' lang='lat' dir='ltr'>Ciceronis</span> <span class='ocrx_word' id='word_1_303' title='bbox 2307 1483 2408 1509; x_wconf 90' lang='lat' dir='ltr'>aevo</span> 
     </span>
     <span class='ocr_line' id='line_1_29' title="bbox 206 1523 2414 1574; baseline 0 -12"><span class='ocrx_word' id='word_1_304' title='bbox 206 1525 446 1570; x_wconf 63' lang='lat' dir='ltr'>valuerint,</span> <span class='ocrx_word' id='word_1_305' title='bbox 482 1524 695 1562; x_wconf 71' lang='lat' dir='ltr'>incertum</span> <span class='ocrx_word' id='word_1_306' title='bbox 723 1531 807 1569; x_wconf 88' lang='lat' dir='ltr'>est,</span> <span class='ocrx_word' id='word_1_307' title='bbox 835 1524 991 1574; x_wconf 86' lang='lat' dir='ltr'>partim</span> <span class='ocrx_word' id='word_1_308' title='bbox 1020 1531 1163 1572; x_wconf 86' lang='lat' dir='ltr'>postea</span> <span class='ocrx_word' id='word_1_309' title='bbox 1192 1535 1279 1561; x_wconf 89' lang='lat' dir='ltr'>esse</span> <span class='ocrx_word' id='word_1_310' title='bbox 1310 1524 1533 1561; x_wconf 87' lang='lat' dir='ltr'>constituta</span> <span class='ocrx_word' id='word_1_311' title='bbox 1561 1530 1765 1572; x_wconf 87' lang='lat' dir='ltr'>apertum.</span> <span class='ocrx_word' id='word_1_312' title='bbox 1842 1524 1921 1561; x_wconf 91' lang='lat' dir='ltr'>His</span> <span class='ocrx_word' id='word_1_313' title='bbox 1949 1524 2080 1573; x_wconf 88' lang='lat' dir='ltr'>igitur</span> <span class='ocrx_word' id='word_1_314' title='bbox 2104 1525 2229 1562; x_wconf 83' lang='lat' dir='ltr'>rebus</span> <span class='ocrx_word' id='word_1_315' title='bbox 2255 1523 2414 1562; x_wconf 82' lang='lat' dir='ltr'>factum</span> 
     </span>
     <span class='ocr_line' id='line_1_30' title="bbox 210 1573 2412 1623; baseline -0.001 -6"><span class='ocrx_word' id='word_1_316' title='bbox 210 1586 287 1623; x_wconf 80' lang='lat' dir='ltr'>est.</span> <span class='ocrx_word' id='word_1_317' title='bbox 313 1584 362 1616; x_wconf 85' lang='lat' dir='ltr'>ut</span> <span class='ocrx_word' id='word_1_318' title='bbox 389 1576 471 1614; x_wconf 80' lang='lat' dir='ltr'>viri</span> <span class='ocrx_word' id='word_1_319' title='bbox 499 1573 685 1614; x_wconf 83' lang='lat' dir='ltr'>docti&#39;in</span> <span class='ocrx_word' id='word_1_320' title='bbox 714 1577 814 1616; x_wconf 79' lang='lat' dir='ltr'>duas</span> <span class='ocrx_word' id='word_1_321' title='bbox 842 1576 1070 1614; x_wconf 87' lang='lat' dir='ltr'>sententias</span> <span class='ocrx_word' id='word_1_322' title='bbox 1088 1577 1276 1621; x_wconf 79' lang='lat' dir='ltr'>abirent3</span> <span class='ocrx_word' id='word_1_323' title='bbox 1305 1577 1596 1614; x_wconf 88' lang='lat' dir='ltr'>Hotomannus</span> <span class='ocrx_word' id='word_1_324' title='bbox 1615 1576 1730 1613; x_wconf 87' lang='lat' dir='ltr'>enim</span> <span class='ocrx_word' id='word_1_325' title='bbox 1753 1582 1794 1613; x_wconf 91' lang='lat' dir='ltr'>et</span> <span class='ocrx_word' id='word_1_326' title='bbox 1813 1576 2004 1614; x_wconf 86' lang='lat' dir='ltr'>Savinius</span> <span class='ocrx_word' id='word_1_327' title='bbox 2022 1578 2225 1614; x_wconf 87' lang='lat' dir='ltr'>iniustam</span> <span class='ocrx_word' id='word_1_328' title='bbox 2246 1587 2412 1621; x_wconf 80' lang='lat' dir='ltr'>causam</span> 
     </span>
     <span class='ocr_line' id='line_1_31' title="bbox 209 1628 2412 1679; baseline -0.002 -9"><span class='ocrx_word' id='word_1_329' title='bbox 209 1645 233 1670; x_wconf 80' lang='lat' dir='ltr'>a</span> <span class='ocrx_word' id='word_1_330' title='bbox 260 1631 469 1669; x_wconf 83' lang='lat' dir='ltr'>Cicerone</span> <span class='ocrx_word' id='word_1_331' title='bbox 498 1640 585 1667; x_wconf 88' lang='lat' dir='ltr'>esse</span> <span class='ocrx_word' id='word_1_332' title='bbox 614 1628 829 1666; x_wconf 75' lang='lat' dir='ltr'>defensam</span> <span class='ocrx_word' id='word_1_333' title='bbox 858 1628 1125 1672; x_wconf 83' lang='lat' dir='ltr'>existimant,</span> <span class='ocrx_word' id='word_1_334' title='bbox 1164 1628 1298 1665; x_wconf 90' lang='lat' dir='ltr'>ceteri</span> <span class='ocrx_word' id='word_1_335' title='bbox 1328 1640 1470 1666; x_wconf 88' lang='lat' dir='ltr'>omnes</span> <span class='ocrx_word' id='word_1_336' title='bbox 1500 1628 1718 1666; x_wconf 81' lang='lat' dir='ltr'>Ciceronis</span> <span class='ocrx_word' id='word_1_337' title='bbox 1745 1629 2024 1679; x_wconf 80' lang='lat' dir='ltr'>interpretes,</span> <span class='ocrx_word' id='word_1_338' title='bbox 2062 1630 2164 1667; x_wconf 87' lang='lat' dir='ltr'>Cras</span> <span class='ocrx_word' id='word_1_339' title='bbox 2190 1629 2237 1665; x_wconf 92' lang='lat' dir='ltr'>in</span> <span class='ocrx_word' id='word_1_340' title='bbox 2266 1629 2412 1666; x_wconf 82' lang='lat' dir='ltr'>disser-</span> 
     </span>
     <span class='ocr_line' id='line_1_32' title="bbox 208 1679 2411 1731; baseline -0.002 -9"><span class='ocrx_word' id='word_1_341' title='bbox 208 1684 370 1722; x_wconf 84' lang='lat' dir='ltr'>tatione</span> <span class='ocrx_word' id='word_1_342' title='bbox 406 1682 459 1720; x_wconf 87' lang='lat' dir='ltr'>de</span> <span class='ocrx_word' id='word_1_343' title='bbox 494 1681 721 1731; x_wconf 86' lang='lat' dir='ltr'>iurisprud.</span> <span class='ocrx_word' id='word_1_344' title='bbox 759 1680 897 1718; x_wconf 87' lang='lat' dir='ltr'>Cicer.</span> <span class='ocrx_word' id='word_1_345' title='bbox 933 1681 1064 1730; x_wconf 89' lang='lat' dir='ltr'>Lugd.</span> <span class='ocrx_word' id='word_1_346' title='bbox 1092 1681 1234 1718; x_wconf 88' lang='lat' dir='ltr'>Batav.</span> <span class='ocrx_word' id='word_1_347' title='bbox 1267 1684 1380 1726; x_wconf 87' lang='lat'><strong>1769.</strong></span> <span class='ocrx_word' id='word_1_348' title='bbox 1418 1687 1460 1717; x_wconf 89' lang='lat' dir='ltr'>et</span> <span class='ocrx_word' id='word_1_349' title='bbox 1495 1679 1732 1722; x_wconf 86' lang='lat' dir='ltr'>Huschkius</span> <span class='ocrx_word' id='word_1_350' title='bbox 1769 1682 1814 1718; x_wconf 90' lang='lat' dir='ltr'>in</span> <span class='ocrx_word' id='word_1_351' title='bbox 1844 1681 2048 1719; x_wconf 82' lang='lat' dir='ltr'>Analectt.</span> <span class='ocrx_word' id='word_1_352' title='bbox 2084 1682 2163 1718; x_wconf 83' lang='lat' dir='ltr'>litt.</span> <span class='ocrx_word' id='word_1_353' title='bbox 2200 1693 2293 1731; x_wconf 83' lang='lat' dir='ltr'>pag.</span> <span class='ocrx_word' id='word_1_354' title='bbox 2322 1683 2411 1724; x_wconf 64' lang='lat'>160.</span> 
     </span>
     <span class='ocr_line' id='line_1_33' title="bbox 209 1732 2414 1785; baseline -0.001 -10"><span class='ocrx_word' id='word_1_355' title='bbox 209 1738 363 1775; x_wconf 85' lang='lat' dir='ltr'>iustam</span> <span class='ocrx_word' id='word_1_356' title='bbox 388 1734 516 1772; x_wconf 76' lang='lat' dir='ltr'>fuisse</span> <span class='ocrx_word' id='word_1_357' title='bbox 545 1733 592 1772; x_wconf 73' lang='lat' dir='ltr'>A.</span> <span class='ocrx_word' id='word_1_358' title='bbox 617 1732 826 1772; x_wconf 77' lang='lat' dir='ltr'>Caecinae</span> <span class='ocrx_word' id='word_1_359' title='bbox 863 1745 1027 1771; x_wconf 87' lang='lat' dir='ltr'>causam</span> <span class='ocrx_word' id='word_1_360' title='bbox 1056 1740 1252 1771; x_wconf 83' lang='lat' dir='ltr'>statuunt.</span> <span class='ocrx_word' id='word_1_361' title='bbox 1309 1735 1497 1784; x_wconf 85' lang='lat' dir='ltr'>Quarum</span> <span class='ocrx_word' id='word_1_362' title='bbox 1525 1734 1827 1773; x_wconf 80' lang='lat' dir='ltr'>sententiarum</span> <span class='ocrx_word' id='word_1_363' title='bbox 1849 1742 1940 1772; x_wconf 89' lang='lat' dir='ltr'>utra</span> <span class='ocrx_word' id='word_1_364' title='bbox 1958 1734 2012 1771; x_wconf 91' lang='lat' dir='ltr'>sit</span> <span class='ocrx_word' id='word_1_365' title='bbox 2031 1735 2182 1781; x_wconf 88' lang='lat' dir='ltr'>verior,</span> <span class='ocrx_word' id='word_1_366' title='bbox 2212 1741 2414 1785; x_wconf 87' lang='lat' dir='ltr'>quantum</span> 
     </span>
     <span class='ocr_line' id='line_1_34' title="bbox 208 1784 2411 1839; baseline -0.002 -10"><span class='ocrx_word' id='word_1_367' title='bbox 208 1791 305 1829; x_wconf 81' lang='lat' dir='ltr'>fieri</span> <span class='ocrx_word' id='word_1_368' title='bbox 332 1784 470 1839; x_wconf 67' lang='lat' dir='ltr'>petest</span> <span class='ocrx_word' id='word_1_369' title='bbox 495 1785 818 1837; x_wconf 82' lang='lat' dir='ltr'>diligentissime</span> <span class='ocrx_word' id='word_1_370' title='bbox 844 1788 1069 1836; x_wconf 82' lang='lat' dir='ltr'>inquiram.</span> <span class='ocrx_word' id='word_1_371' title='bbox 1149 1787 1271 1837; x_wconf 87' lang='lat' dir='ltr'>Quod</span> <span class='ocrx_word' id='word_1_372' title='bbox 1299 1796 1344 1825; x_wconf 89' lang='lat' dir='ltr'>ut</span> <span class='ocrx_word' id='word_1_373' title='bbox 1375 1789 1437 1824; x_wconf 79' lang='lat' dir='ltr'>via</span> <span class='ocrx_word' id='word_1_374' title='bbox 1467 1801 1514 1824; x_wconf 74' lang='lat' dir='ltr'>ac</span> <span class='ocrx_word' id='word_1_375' title='bbox 1542 1787 1705 1825; x_wconf 86' lang='lat' dir='ltr'>ratione</span> <span class='ocrx_word' id='word_1_376' title='bbox 1734 1788 1828 1832; x_wconf 85' lang='lat' dir='ltr'>fiat,</span> <span class='ocrx_word' id='word_1_377' title='bbox 1867 1801 1971 1837; x_wconf 90' lang='lat' dir='ltr'>quae</span> <span class='ocrx_word' id='word_1_378' title='bbox 2001 1789 2225 1837; x_wconf 87' lang='lat' dir='ltr'>qualesque</span> <span class='ocrx_word' id='word_1_379' title='bbox 2252 1788 2411 1825; x_wconf 80' lang='lat' dir='ltr'>fuerint</span> 
     </span>
     <span class='ocr_line' id='line_1_35' title="bbox 211 1839 2411 1889; baseline -0.002 -8"><span class='ocrx_word' id='word_1_380' title='bbox 211 1844 395 1881; x_wconf 83' lang='lat' dir='ltr'>rationes</span> <span class='ocrx_word' id='word_1_381' title='bbox 425 1847 550 1888; x_wconf 85' lang='lat' dir='ltr'>atque</span> <span class='ocrx_word' id='word_1_382' title='bbox 577 1847 849 1889; x_wconf 87' lang='lat' dir='ltr'>argumenta,</span> <span class='ocrx_word' id='word_1_383' title='bbox 890 1840 1037 1889; x_wconf 89' lang='lat' dir='ltr'>quibus</span> <span class='ocrx_word' id='word_1_384' title='bbox 1068 1840 1161 1876; x_wconf 87' lang='lat' dir='ltr'>Piso</span> <span class='ocrx_word' id='word_1_385' title='bbox 1200 1841 1509 1876; x_wconf 80' lang='lat' dir='ltr'>accusationem</span> <span class='ocrx_word' id='word_1_386' title='bbox 1543 1851 1659 1877; x_wconf 86' lang='lat' dir='ltr'>suam</span> <span class='ocrx_word' id='word_1_387' title='bbox 1687 1839 1959 1886; x_wconf 82' lang='lat' dir='ltr'>instruxerit,</span> <span class='ocrx_word' id='word_1_388' title='bbox 1998 1847 2059 1877; x_wconf 91' lang='lat' dir='ltr'>est</span> <span class='ocrx_word' id='word_1_389' title='bbox 2096 1840 2411 1889; x_wconf 78' lang='lat' dir='ltr'>explorandum.</span> 
     </span>
    </p>

    <p class='ocr_par' dir='ltr' id='par_1_5' title="bbox 203 1891 2417 2100">
     <span class='ocr_line' id='line_1_36' title="bbox 399 1891 2410 1943; baseline -0 -12"><span class='ocrx_word' id='word_1_390' title='bbox 399 1893 592 1931; x_wconf 83' lang='lat' dir='ltr'>Primum</span> <span class='ocrx_word' id='word_1_391' title='bbox 628 1891 758 1943; x_wconf 83' lang='lat' dir='ltr'>igitur</span> <span class='ocrx_word' id='word_1_392' title='bbox 797 1900 1121 1942; x_wconf 83' lang='lat' dir='ltr'>argumentum,</span> <span class='ocrx_word' id='word_1_393' title='bbox 1160 1893 1271 1942; x_wconf 82' lang='lat' dir='ltr'>quod</span> <span class='ocrx_word' id='word_1_394' title='bbox 1309 1894 1400 1929; x_wconf 88' lang='lat' dir='ltr'>Piso</span> <span class='ocrx_word' id='word_1_395' title='bbox 1430 1894 1474 1928; x_wconf 90' lang='lat' dir='ltr'>in</span> <span class='ocrx_word' id='word_1_396' title='bbox 1505 1894 1691 1930; x_wconf 86' lang='lat' dir='ltr'>medium</span> <span class='ocrx_word' id='word_1_397' title='bbox 1718 1893 1903 1942; x_wconf 84' lang='lat' dir='ltr'>profert,</span> <span class='ocrx_word' id='word_1_398' title='bbox 1940 1900 1986 1930; x_wconf 90' lang='lat' dir='ltr'>ut</span> <span class='ocrx_word' id='word_1_399' title='bbox 2012 1893 2213 1937; x_wconf 85' lang='lat' dir='ltr'>fundum,</span> <span class='ocrx_word' id='word_1_400' title='bbox 2253 1893 2306 1943; x_wconf 70' lang='lat' dir='ltr'>de</span> <span class='ocrx_word' id='word_1_401' title='bbox 2332 1905 2410 1942; x_wconf 91' lang='lat' dir='ltr'>quo</span> 
     </span>
     <span class='ocr_line' id='line_1_37' title="bbox 203 1945 2415 1995; baseline -0.001 -10"><span class='ocrx_word' id='word_1_402' title='bbox 203 1951 276 1986; x_wconf 68' lang='lat' dir='ltr'>&#39;est</span> <span class='ocrx_word' id='word_1_403' title='bbox 314 1946 621 1989; x_wconf 70' lang='lat' dir='ltr'>controversia,</span> <span class='ocrx_word' id='word_1_404' title='bbox 661 1945 832 1982; x_wconf 73' lang='lat' dir='ltr'>Aebutii</span> <span class='ocrx_word' id='word_1_405' title='bbox 869 1956 957 1981; x_wconf 82' lang='lat' dir='ltr'>esse</span> <span class='ocrx_word' id='word_1_406' title='bbox 996 1946 1277 1989; x_wconf 79' lang='lat' dir='ltr'>demonstret,</span> <span class='ocrx_word' id='word_1_407' title='bbox 1317 1945 1424 1981; x_wconf 87' lang='lat' dir='ltr'>illud</span> <span class='ocrx_word' id='word_1_408' title='bbox 1464 1954 1547 1989; x_wconf 82' lang='lat' dir='ltr'>est,</span> <span class='ocrx_word' id='word_1_409' title='bbox 1592 1945 1703 1994; x_wconf 90' lang='lat' dir='ltr'>quod</span> <span class='ocrx_word' id='word_1_410' title='bbox 1738 1945 1969 1995; x_wconf 34' lang='lat' dir='ltr'>legitur-¹3.</span> <span class='ocrx_word' id='word_1_411' title='bbox 2001 1947 2069 1987; x_wconf 86' lang='lat'>16:</span> <span class='ocrx_word' id='word_1_412' title='bbox 2127 1945 2316 1990; x_wconf 82' lang='lat' dir='ltr'>„Adest</span> <span class='ocrx_word' id='word_1_413' title='bbox 2352 1945 2415 1983; x_wconf 87' lang='lat' dir='ltr'>ad</span> 
     </span>
     <span class='ocr_line' id='line_1_38' title="bbox 212 1994 2415 2047; baseline -0.001 -9"><span class='ocrx_word' id='word_1_414' title='bbox 212 1994 464 2038; x_wconf 86' lang='lat' dir='ltr'>tabulam.</span> <span class='ocrx_word' id='word_1_415' title='bbox 520 1997 744 2035; x_wconf 66' lang='lat' dir='ltr'>L&#39;ice&#39;tur</span> <span class='ocrx_word' id='word_1_416' title='bbox 773 1997 1059 2043; x_wconf 71' lang='lat' dir='ltr'>Aebutius,</span> <span class='ocrx_word' id='word_1_417' title='bbox 1099 1998 1456 2034; x_wconf 87' lang='lat' dir='ltr'>deterrentur</span> <span class='ocrx_word' id='word_1_418' title='bbox 1495 2005 1765 2047; x_wconf 86' lang='lat' dir='ltr'>emptores</span> <span class='ocrx_word' id='word_1_419' title='bbox 1803 1998 1961 2036; x_wconf 90' lang='lat' dir='ltr'>multi</span> <span class='ocrx_word' id='word_1_420' title='bbox 1996 1999 2194 2046; x_wconf 89' lang='lat' dir='ltr'>partim</span> <span class='ocrx_word' id='word_1_421' title='bbox 2232 1998 2415 2046; x_wconf 84' lang='lat' dir='ltr'>gratia</span> 
     </span>
     <span class='ocr_line' id='line_1_39' title="bbox 213 2049 2417 2100; baseline -0.002 -9"><span class='ocrx_word' id='word_1_422' title='bbox 213 2050 580 2095; x_wconf 77' lang='lat' dir='ltr'>Caesenniae,</span> <span class='ocrx_word' id='word_1_423' title='bbox 614 2050 813 2100; x_wconf 83' lang='lat' dir='ltr'>partim</span> <span class='ocrx_word' id='word_1_424' title='bbox 850 2050 1013 2087; x_wconf 86' lang='lat' dir='ltr'>etiam</span> <span class='ocrx_word' id='word_1_425' title='bbox 1050 2050 1246 2100; x_wconf 90' lang='lat' dir='ltr'>pretio.</span> <span class='ocrx_word' id='word_1_426' title='bbox 1302 2050 1510 2087; x_wconf 87' lang='lat' dir='ltr'>Fundus</span> <span class='ocrx_word' id='word_1_427' title='bbox 1546 2050 1824 2088; x_wconf 87' lang='lat' dir='ltr'>addicitur</span> <span class='ocrx_word' id='word_1_428' title='bbox 1850 2049 2101 2094; x_wconf 84' lang='lat' dir='ltr'>Aebuti03</span> <span class='ocrx_word' id='word_1_429' title='bbox 2130 2050 2417 2097; x_wconf 86' lang='lat' dir='ltr'>pecuniam</span> 
     </span>
    </p>
   </div>
   <div class='ocr_carea' id='block_1_5' title="bbox 216 2101 2478 2156">
    <p class='ocr_par' dir='ltr' id='par_1_6' title="bbox 216 2101 2478 2156">
     <span class='ocr_line' id='line_1_40' title="bbox 216 2101 2478 2156; baseline -0.001 -15"><span class='ocrx_word' id='word_1_430' title='bbox 216 2103 532 2153; x_wconf 84' lang='lat' dir='ltr'>argentario</span> <span class='ocrx_word' id='word_1_431' title='bbox 560 2102 845 2156; x_wconf 85' lang='lat' dir='ltr'>promittit</span> <span class='ocrx_word' id='word_1_432' title='bbox 871 2102 1298 2153; x_wconf 70' lang='lat' dir='ltr'>Aebutius;.quo</span> <span class='ocrx_word' id='word_1_433' title='bbox 1327 2101 1649 2139; x_wconf 85' lang='lat' dir='ltr'>testimonio</span> <span class='ocrx_word' id='word_1_434' title='bbox 1676 2113 1817 2140; x_wconf 88' lang='lat' dir='ltr'>nunc</span> <span class='ocrx_word' id='word_1_435' title='bbox 1851 2102 1938 2139; x_wconf 82' lang='lat' dir='ltr'>vir</span> <span class='ocrx_word' id='word_1_436' title='bbox 1966 2102 2198 2150; x_wconf 80' lang='lat' dir='ltr'>optimus</span> <span class='ocrx_word' id='word_1_437' title='bbox 2225 2101 2415 2147; x_wconf 87' lang='lat' dir='ltr'>utitur,</span> <span class='ocrx_word' id='word_1_438' title='bbox 2475 2135 2478 2138; x_wconf 71' lang='grc'>,</span> 
     </span>
    </p>
   </div>
   <div class='ocr_carea' id='block_1_6' title="bbox 215 2153 2416 2258">
    <p class='ocr_par' dir='ltr' id='par_1_7' title="bbox 215 2153 2416 2258">
     <span class='ocr_line' id='line_1_41' title="bbox 215 2153 2415 2204; baseline -0.001 -10"><span class='ocrx_word' id='word_1_439' title='bbox 215 2156 324 2194; x_wconf 89' lang='lat' dir='ltr'>sibi</span> <span class='ocrx_word' id='word_1_440' title='bbox 361 2161 596 2204; x_wconf 83' lang='lat' dir='ltr'>emptu-m</span> <span class='ocrx_word' id='word_1_441' title='bbox 634 2159 787 2191; x_wconf 84' lang='lat' dir='ltr'>esse.“</span> <span class='ocrx_word' id='word_1_442' title='bbox 816 2153 922 2192; x_wconf 85' lang='lat' dir='ltr'>coll.</span> <span class='ocrx_word' id='word_1_443' title='bbox 951 2155 987 2203; x_wconf 80' lang='lat'>§.</span> <span class='ocrx_word' id='word_1_444' title='bbox 1017 2160 1078 2199; x_wconf 76' lang='lat'>17.</span> <span class='ocrx_word' id='word_1_445' title='bbox 1135 2154 1227 2198; x_wconf 85' lang='lat' dir='ltr'>„Se</span> <span class='ocrx_word' id='word_1_446' title='bbox 1267 2161 1442 2191; x_wconf 87' lang='lat' dir='ltr'>autem</span> <span class='ocrx_word' id='word_1_447' title='bbox 1479 2154 1677 2191; x_wconf 88' lang='lat' dir='ltr'>habere</span> <span class='ocrx_word' id='word_1_448' title='bbox 1714 2155 2151 2203; x_wconf 85' lang='lat' dir='ltr'>argentariorum</span> <span class='ocrx_word' id='word_1_449' title='bbox 2189 2154 2415 2199; x_wconf 87' lang='lat' dir='ltr'>tabulas,</span> 
     </span>
     <span class='ocr_line' id='line_1_42' title="bbox 217 2206 2416 2258; baseline -0.002 -11"><span class='ocrx_word' id='word_1_450' title='bbox 217 2211 270 2247; x_wconf 88' lang='lat' dir='ltr'>in</span> <span class='ocrx_word' id='word_1_451' title='bbox 306 2207 497 2258; x_wconf 87' lang='lat' dir='ltr'>quibus</span> <span class='ocrx_word' id='word_1_452' title='bbox 535 2206 640 2245; x_wconf 87' lang='lat' dir='ltr'>sibi</span> <span class='ocrx_word' id='word_1_453' title='bbox 676 2218 916 2258; x_wconf 82' lang='lat' dir='ltr'>expen-sa</span> <span class='ocrx_word' id='word_1_454' title='bbox 952 2206 1184 2257; x_wconf 89' lang='lat' dir='ltr'>pecunia</span> <span class='ocrx_word' id='word_1_455' title='bbox 1217 2206 1328 2243; x_wconf 88' lang='lat' dir='ltr'>lata</span> <span class='ocrx_word' id='word_1_456' title='bbox 1366 2208 1455 2252; x_wconf 91' lang='lat' dir='ltr'>sit,</span> <span class='ocrx_word' id='word_1_457' title='bbox 1495 2214 1820 2257; x_wconf 87' lang='lat' dir='ltr'>acceptaque</span> <span class='ocrx_word' id='word_1_458' title='bbox 1856 2206 2075 2244; x_wconf 86' lang='lat' dir='ltr'>relata.“</span> <span class='ocrx_word' id='word_1_459' title='bbox 2129 2207 2184 2244; x_wconf 90' lang='lat' dir='ltr'>Et</span> <span class='ocrx_word' id='word_1_460' title='bbox 2220 2219 2342 2251; x_wconf 83' lang='lat' dir='ltr'>sane,</span> <span class='ocrx_word' id='word_1_461' title='bbox 2381 2208 2416 2243; x_wconf 89' lang='lat' dir='ltr'>si</span> 
     </span>
    </p>
   </div>
   <div class='ocr_carea' id='block_1_7' title="bbox 218 2258 2486 2310">
    <p class='ocr_par' dir='ltr' id='par_1_8' title="bbox 218 2258 2486 2310">
     <span class='ocr_line' id='line_1_43' title="bbox 218 2258 2486 2310; baseline -0.002 -10"><span class='ocrx_word' id='word_1_462' title='bbox 218 2264 277 2300; x_wconf 87' lang='lat' dir='ltr'>ita</span> <span class='ocrx_word' id='word_1_463' title='bbox 304 2272 371 2299; x_wconf 85' lang='lat' dir='ltr'>res</span> <span class='ocrx_word' id='word_1_464' title='bbox 400 2272 443 2297; x_wconf 93' lang='lat' dir='ltr'>se</span> <span class='ocrx_word' id='word_1_465' title='bbox 470 2258 669 2305; x_wconf 86' lang='lat' dir='ltr'>haberet,</span> <span class='ocrx_word' id='word_1_466' title='bbox 698 2267 746 2297; x_wconf 89' lang='lat' dir='ltr'>ut</span> <span class='ocrx_word' id='word_1_467' title='bbox 771 2260 972 2298; x_wconf 82' lang='lat' dir='ltr'>Aebutius</span> <span class='ocrx_word' id='word_1_468' title='bbox 1002 2271 1075 2297; x_wconf 87' lang='lat' dir='ltr'>suo</span> <span class='ocrx_word' id='word_1_469' title='bbox 1104 2260 1278 2296; x_wconf 88' lang='lat' dir='ltr'>nomine</span> <span class='ocrx_word' id='word_1_470' title='bbox 1305 2258 1482 2296; x_wconf 79' lang='lat' dir='ltr'>fundum</span> <span class='ocrx_word' id='word_1_471' title='bbox 1513 2260 1699 2301; x_wconf 86' lang='lat' dir='ltr'>emisset,</span> <span class='ocrx_word' id='word_1_472' title='bbox 1729 2261 1816 2310; x_wconf 89' lang='lat' dir='ltr'>ipse</span> <span class='ocrx_word' id='word_1_473' title='bbox 1845 2259 2085 2309; x_wconf 86' lang='lat' dir='ltr'>argentario</span> <span class='ocrx_word' id='word_1_474' title='bbox 2114 2261 2337 2308; x_wconf 87' lang='lat' dir='ltr'>pecuniam</span> <span class='ocrx_word' id='word_1_475' title='bbox 2366 2258 2418 2296; x_wconf 90' lang='lat' dir='ltr'>de</span> <span class='ocrx_word' id='word_1_476' title='bbox 2475 2263 2486 2270; x_wconf 62' lang='grc'><strong>“</strong></span> 
     </span>
    </p>
   </div>
   <div class='ocr_carea' id='block_1_8' title="bbox 221 2311 2432 3048">
    <p class='ocr_par' dir='ltr' id='par_1_9' title="bbox 221 2311 2432 3048">
     <span class='ocr_line' id='line_1_44' title="bbox 221 2311 2421 2362; baseline -0.001 -9"><span class='ocrx_word' id='word_1_477' title='bbox 221 2327 293 2353; x_wconf 82' lang='lat' dir='ltr'>suo</span> <span class='ocrx_word' id='word_1_478' title='bbox 328 2313 543 2359; x_wconf 73' lang='lat' dir='ltr'>solvisset,</span> <span class='ocrx_word' id='word_1_479' title='bbox 579 2324 821 2362; x_wconf 83' lang='lat' dir='ltr'>nomenque</span> <span class='ocrx_word' id='word_1_480' title='bbox 855 2313 902 2350; x_wconf 83' lang='lat' dir='ltr'>in</span> <span class='ocrx_word' id='word_1_481' title='bbox 939 2313 1101 2351; x_wconf 87' lang='lat' dir='ltr'>tabulas</span> <span class='ocrx_word' id='word_1_482' title='bbox 1141 2320 1245 2350; x_wconf 89' lang='lat' dir='ltr'>esset</span> <span class='ocrx_word' id='word_1_483' title='bbox 1284 2311 1485 2349; x_wconf 79' lang='lat' dir='ltr'>relatum:</span> <span class='ocrx_word' id='word_1_484' title='bbox 1527 2313 1627 2360; x_wconf 89' lang='lat' dir='ltr'>quin</span> <span class='ocrx_word' id='word_1_485' title='bbox 1657 2313 1734 2349; x_wconf 88' lang='lat' dir='ltr'>sibi</span> <span class='ocrx_word' id='word_1_486' title='bbox 1763 2321 1951 2360; x_wconf 83' lang='lat' dir='ltr'>emptum</span> <span class='ocrx_word' id='word_1_487' title='bbox 1981 2324 2066 2350; x_wconf 88' lang='lat' dir='ltr'>esse</span> <span class='ocrx_word' id='word_1_488' title='bbox 2093 2313 2216 2349; x_wconf 89' lang='lat' dir='ltr'>illum</span> <span class='ocrx_word' id='word_1_489' title='bbox 2242 2313 2421 2350; x_wconf 85' lang='lat' dir='ltr'>fundum</span> 
     </span>
     <span class='ocr_line' id='line_1_45' title="bbox 222 2363 2418 2415; baseline -0 -12"><span class='ocrx_word' id='word_1_490' title='bbox 222 2376 297 2404; x_wconf 88' lang='lat' dir='ltr'>suo</span> <span class='ocrx_word' id='word_1_491' title='bbox 326 2367 418 2403; x_wconf 87' lang='lat' dir='ltr'>iure</span> <span class='ocrx_word' id='word_1_492' title='bbox 448 2365 751 2408; x_wconf 83' lang='lat' dir='ltr'>contenderet,</span> <span class='ocrx_word' id='word_1_493' title='bbox 789 2364 907 2402; x_wconf 90' lang='lat' dir='ltr'>nullo</span> <span class='ocrx_word' id='word_1_494' title='bbox 936 2373 1054 2414; x_wconf 89' lang='lat' dir='ltr'>pacto</span> <span class='ocrx_word' id='word_1_495' title='bbox 1084 2373 1220 2415; x_wconf 86' lang='lat' dir='ltr'>posset</span> <span class='ocrx_word' id='word_1_496' title='bbox 1251 2364 1443 2400; x_wconf 83' lang='lat' dir='ltr'>dubitari.</span> <span class='ocrx_word' id='word_1_497' title='bbox 1469 2377 1471 2379; x_wconf 93' lang='lat'>·</span> <span class='ocrx_word' id='word_1_498' title='bbox 1500 2365 1580 2401; x_wconf 85' lang='lat' dir='ltr'>Sed</span> <span class='ocrx_word' id='word_1_499' title='bbox 1608 2364 1717 2410; x_wconf 89' lang='lat' dir='ltr'>iam,</span> <span class='ocrx_word' id='word_1_500' title='bbox 1757 2365 1857 2415; x_wconf 89' lang='lat' dir='ltr'>quid</span> <span class='ocrx_word' id='word_1_501' title='bbox 1885 2364 2033 2401; x_wconf 90' lang='lat' dir='ltr'>Cicero</span> <span class='ocrx_word' id='word_1_502' title='bbox 2070 2363 2169 2402; x_wconf 86' lang='lat' dir='ltr'>huic</span> <span class='ocrx_word' id='word_1_503' title='bbox 2198 2375 2418 2415; x_wconf 84' lang='lat' dir='ltr'>argumen-</span> 
     </span>
     <span class='ocr_line' id='line_1_46' title="bbox 224 2417 2422 2467; baseline -0 -9"><span class='ocrx_word' id='word_1_504' title='bbox 224 2420 373 2458; x_wconf 86' lang='lat' dir='ltr'>tationi</span> <span class='ocrx_word' id='word_1_505' title='bbox 402 2418 453 2456; x_wconf 87' lang='lat' dir='ltr'>ab</span> <span class='ocrx_word' id='word_1_506' title='bbox 481 2418 720 2457; x_wconf 83' lang='lat' dir='ltr'>adversario</span> <span class='ocrx_word' id='word_1_507' title='bbox 747 2417 964 2456; x_wconf 75' lang='lat' dir='ltr'>institutae</span> <span class='ocrx_word' id='word_1_508' title='bbox 994 2426 1189 2467; x_wconf 88' lang='lat' dir='ltr'>opponat,</span> <span class='ocrx_word' id='word_1_509' title='bbox 1221 2419 1446 2454; x_wconf 82' lang='lat' dir='ltr'>videamus.</span> <span class='ocrx_word' id='word_1_510' title='bbox 1504 2419 1638 2466; x_wconf 84' lang='lat' dir='ltr'>Atque</span> <span class='ocrx_word' id='word_1_511' title='bbox 1666 2419 1699 2454; x_wconf 88' lang='lat' dir='ltr'>is</span> <span class='ocrx_word' id='word_1_512' title='bbox 1722 2419 1890 2467; x_wconf 88' lang='lat' dir='ltr'>quidem</span> <span class='ocrx_word' id='word_1_513' title='bbox 1909 2417 2125 2454; x_wconf 83' lang='lat' dir='ltr'>mandasse</span> <span class='ocrx_word' id='word_1_514' title='bbox 2144 2418 2422 2457; x_wconf 85' lang='lat' dir='ltr'>Caesenniam</span> 
     </span>
     <span class='ocr_line' id='line_1_47' title="bbox 222 2470 2419 2521; baseline -0 -11"><span class='ocrx_word' id='word_1_515' title='bbox 222 2472 419 2516; x_wconf 76' lang='lat' dir='ltr'>Aebutio,</span> <span class='ocrx_word' id='word_1_516' title='bbox 446 2479 493 2508; x_wconf 88' lang='lat' dir='ltr'>ut</span> <span class='ocrx_word' id='word_1_517' title='bbox 521 2471 601 2508; x_wconf 82' lang='lat' dir='ltr'>sibi</span> <span class='ocrx_word' id='word_1_518' title='bbox 629 2477 793 2509; x_wconf 88' lang='lat' dir='ltr'>emeret</span> <span class='ocrx_word' id='word_1_519' title='bbox 811 2471 944 2511; x_wconf 82' lang='lat' dir='ltr'>illum</span> <span class='ocrx_word' id='word_1_520' title='bbox 971 2471 1160 2512; x_wconf 85' lang='lat' dir='ltr'>fundum,</span> <span class='ocrx_word' id='word_1_521' title='bbox 1193 2482 1329 2519; x_wconf 89' lang='lat' dir='ltr'>neque</span> <span class='ocrx_word' id='word_1_522' title='bbox 1360 2483 1609 2518; x_wconf 81' lang='lat' dir='ltr'>quemquam</span> <span class='ocrx_word' id='word_1_523' title='bbox 1641 2470 1717 2507; x_wconf 90' lang='lat' dir='ltr'>illo</span> <span class='ocrx_word' id='word_1_524' title='bbox 1735 2477 1925 2521; x_wconf 88' lang='lat' dir='ltr'>tempore</span> <span class='ocrx_word' id='word_1_525' title='bbox 1944 2470 2083 2516; x_wconf 80' lang='lat' dir='ltr'>fuisse,</span> <span class='ocrx_word' id='word_1_526' title='bbox 2112 2471 2183 2520; x_wconf 92' lang='lat' dir='ltr'>qui</span> <span class='ocrx_word' id='word_1_527' title='bbox 2197 2470 2419 2516; x_wconf 89' lang='lat' dir='ltr'>dubitaret,</span> 
     </span>
     <span class='ocr_line' id='line_1_48' title="bbox 226 2522 2423 2575; baseline -0 -12"><span class='ocrx_word' id='word_1_528' title='bbox 226 2526 328 2575; x_wconf 86' lang='lat' dir='ltr'>quin</span> <span class='ocrx_word' id='word_1_529' title='bbox 362 2524 514 2562; x_wconf 77' lang='lat' dir='ltr'>fundus</span> <span class='ocrx_word' id='word_1_530' title='bbox 551 2523 1081 2571; x_wconf 33' lang='lat' dir='ltr'>emeretur4Caesenniae,</span> <span class='ocrx_word' id='word_1_531' title='bbox 1122 2524 1324 2568; x_wconf 79' lang='lat' dir='ltr'>affirmat,</span> <span class='ocrx_word' id='word_1_532' title='bbox 1366 2522 1456 2568; x_wconf 79' lang='lat' dir='ltr'><strong>(Cf.</strong></span> <span class='ocrx_word' id='word_1_533' title='bbox 1494 2525 1527 2570; x_wconf 63' lang='lat'>§-</span> <span class='ocrx_word' id='word_1_534' title='bbox 1560 2528 1619 2564; x_wconf 83' lang='lat'>15.</span> <span class='ocrx_word' id='word_1_535' title='bbox 1658 2526 1717 2565; x_wconf 81' lang='lat'>16.</span> <span class='ocrx_word' id='word_1_536' title='bbox 1751 2525 1840 2570; x_wconf 79' lang='lat'>¹9.)</span> <span class='ocrx_word' id='word_1_537' title='bbox 1874 2530 2012 2573; x_wconf 72' lang='lat' dir='ltr'>&#39;atque</span> <span class='ocrx_word' id='word_1_538' title='bbox 2050 2524 2330 2571; x_wconf 86' lang='lat' dir='ltr'>argumentis,</span> <span class='ocrx_word' id='word_1_539' title='bbox 2377 2532 2423 2562; x_wconf 90' lang='lat' dir='ltr'>ut</span> 
     </span>
     <span class='ocr_line' id='line_1_49' title="bbox 228 2575 2423 2626; baseline -0 -11"><span class='ocrx_word' id='word_1_540' title='bbox 228 2578 433 2622; x_wconf 79' lang='lat' dir='ltr'>arbitror,</span> <span class='ocrx_word' id='word_1_541' title='bbox 463 2577 558 2613; x_wconf 86' lang='lat' dir='ltr'>satis</span> <span class='ocrx_word' id='word_1_542' title='bbox 586 2577 812 2614; x_wconf 87' lang='lat' dir='ltr'>luculentis</span> <span class='ocrx_word' id='word_1_543' title='bbox 841 2577 1034 2614; x_wconf 88' lang='lat' dir='ltr'>ostendit.</span> <span class='ocrx_word' id='word_1_544' title='bbox 1116 2577 1286 2614; x_wconf 90' lang='lat' dir='ltr'>Etenim</span> <span class='ocrx_word' id='word_1_545' title='bbox 1314 2575 1536 2612; x_wconf 80' lang='lat' dir='ltr'>Aebutium</span> <span class='ocrx_word' id='word_1_546' title='bbox 1567 2576 1823 2612; x_wconf 85' lang='lat' dir='ltr'>Caesenniae</span> <span class='ocrx_word' id='word_1_547' title='bbox 1851 2576 2022 2626; x_wconf 85' lang='lat' dir='ltr'>negotia</span> <span class='ocrx_word' id='word_1_548' title='bbox 2050 2586 2095 2612; x_wconf 88' lang='lat' dir='ltr'>ac</span> <span class='ocrx_word' id='word_1_549' title='bbox 2124 2579 2423 2614; x_wconf 75' lang='lat' dir='ltr'>controversias</span> 
     </span>
     <span class='ocr_line' id='line_1_50' title="bbox 229 2629 2422 2680; baseline -0.001 -13"><span class='ocrx_word' id='word_1_550' title='bbox 229 2630 452 2679; x_wconf 73' lang='lat' dir='ltr'>suscepisse</span> <span class='ocrx_word' id='word_1_551' title='bbox 483 2641 531 2666; x_wconf 90' lang='lat' dir='ltr'>eo</span> <span class='ocrx_word' id='word_1_552' title='bbox 563 2629 792 2678; x_wconf 83' lang='lat' dir='ltr'>colligitur,</span> <span class='ocrx_word' id='word_1_553' title='bbox 824 2629 934 2680; x_wconf 88' lang='lat' dir='ltr'>quod</span> <span class='ocrx_word' id='word_1_554' title='bbox 962 2629 1115 2665; x_wconf 87' lang='lat' dir='ltr'>mulier</span> <span class='ocrx_word' id='word_1_555' title='bbox 1136 2630 1187 2672; x_wconf 84' lang='lat' dir='ltr'>ei,</span> <span class='ocrx_word' id='word_1_556' title='bbox 1218 2629 1288 2677; x_wconf 90' lang='lat' dir='ltr'>qui</span> <span class='ocrx_word' id='word_1_557' title='bbox 1307 2640 1442 2676; x_wconf 87' lang='lat' dir='ltr'>neque</span> <span class='ocrx_word' id='word_1_558' title='bbox 1460 2629 1587 2676; x_wconf 87' lang='lat' dir='ltr'>ipsius</span> <span class='ocrx_word' id='word_1_559' title='bbox 1606 2640 1740 2676; x_wconf 89' lang='lat' dir='ltr'>neque</span> <span class='ocrx_word' id='word_1_560' title='bbox 1762 2629 2009 2666; x_wconf 89' lang='lat' dir='ltr'>maritorum</span> <span class='ocrx_word' id='word_1_561' title='bbox 2030 2635 2133 2664; x_wconf 86' lang='lat' dir='ltr'>esset</span> <span class='ocrx_word' id='word_1_562' title='bbox 2152 2629 2422 2677; x_wconf 70' lang='lat' dir='ltr'>propinquus,</span> 
     </span>
     <span class='ocr_line' id='line_1_51' title="bbox 229 2679 2421 2733; baseline -0.001 -13"><span class='ocrx_word' id='word_1_563' title='bbox 229 2689 480 2720; x_wconf 71' lang='lat' dir='ltr'>testamento</span> <span class='ocrx_word' id='word_1_564' title='bbox 510 2681 716 2719; x_wconf 83' lang='lat' dir='ltr'>sextulam</span> <span class='ocrx_word' id='word_1_565' title='bbox 745 2682 945 2733; x_wconf 87' lang='lat' dir='ltr'>adspersit</span> <span class='ocrx_word' id='word_1_566' title='bbox 975 2681 1231 2718; x_wconf 85' lang='lat' dir='ltr'>hereditatis.</span> <span class='ocrx_word' id='word_1_567' title='bbox 1292 2680 1387 2717; x_wconf 85' lang='lat' dir='ltr'>Fuit</span> <span class='ocrx_word' id='word_1_568' title='bbox 1407 2688 1545 2717; x_wconf 76' lang='lat' dir='ltr'>autem</span> <span class='ocrx_word' id='word_1_569' title='bbox 1565 2680 1762 2717; x_wconf 85' lang='lat' dir='ltr'>Aebutius</span> <span class='ocrx_word' id='word_1_570' title='bbox 1784 2679 1910 2719; x_wconf 89' lang='lat' dir='ltr'>homo</span> <span class='ocrx_word' id='word_1_571' title='bbox 1942 2679 2114 2718; x_wconf 87' lang='lat' dir='ltr'>callidus</span> <span class='ocrx_word' id='word_1_572' title='bbox 2152 2693 2199 2718; x_wconf 90' lang='lat' dir='ltr'>ac</span> <span class='ocrx_word' id='word_1_573' title='bbox 2238 2690 2421 2720; x_wconf 74' lang='lat' dir='ltr'>versutus</span> 
     </span>
     <span class='ocr_line' id='line_1_52' title="bbox 233 2734 2424 2791; baseline 0 -18"><span class='ocrx_word' id='word_1_574' title='bbox 233 2748 285 2773; x_wconf 85' lang='lat' dir='ltr'>ex</span> <span class='ocrx_word' id='word_1_575' title='bbox 315 2747 365 2772; x_wconf 84' lang='lat' dir='ltr'>eo</span> <span class='ocrx_word' id='word_1_576' title='bbox 394 2746 562 2784; x_wconf 84' lang='lat' dir='ltr'>genere,</span> <span class='ocrx_word' id='word_1_577' title='bbox 595 2735 678 2791; x_wconf 78' lang='lat' dir='ltr'>qui,</span> <span class='ocrx_word' id='word_1_578' title='bbox 710 2748 843 2784; x_wconf 88' lang='lat' dir='ltr'>quum</span> <span class='ocrx_word' id='word_1_579' title='bbox 866 2736 912 2772; x_wconf 90' lang='lat' dir='ltr'>in</span> <span class='ocrx_word' id='word_1_580' title='bbox 941 2735 1273 2771; x_wconf 83' lang='lat' dir='ltr'>familiaritatem</span> <span class='ocrx_word' id='word_1_581' title='bbox 1304 2745 1448 2770; x_wconf 79' lang='lat' dir='ltr'>senum</span> <span class='ocrx_word' id='word_1_582' title='bbox 1479 2741 1548 2770; x_wconf 85' lang='lat' dir='ltr'>aut</span> <span class='ocrx_word' id='word_1_583' title='bbox 1578 2734 1795 2771; x_wconf 77' lang='lat' dir='ltr'>viduarum</span> <span class='ocrx_word' id='word_1_584' title='bbox 1818 2746 1859 2771; x_wconf 91' lang='lat' dir='ltr'>se</span> <span class='ocrx_word' id='word_1_585' title='bbox 1877 2734 2168 2778; x_wconf 87' lang='lat' dir='ltr'>insinuassent,</span> <span class='ocrx_word' id='word_1_586' title='bbox 2199 2746 2424 2786; x_wconf 81' lang='lat' dir='ltr'>eorumque</span> 
     </span>
     <span class='ocr_line' id='line_1_53' title="bbox 235 2786 2425 2837; baseline 0 -11"><span class='ocrx_word' id='word_1_587' title='bbox 235 2788 403 2837; x_wconf 77' lang='lat' dir='ltr'>negotia</span> <span class='ocrx_word' id='word_1_588' title='bbox 441 2789 600 2836; x_wconf 83' lang='lat' dir='ltr'>agenda</span> <span class='ocrx_word' id='word_1_589' title='bbox 640 2790 924 2836; x_wconf 86' lang='lat' dir='ltr'>susciperent,</span> <span class='ocrx_word' id='word_1_590' title='bbox 969 2795 1185 2836; x_wconf 88' lang='lat' dir='ltr'>quaestum</span> <span class='ocrx_word' id='word_1_591' title='bbox 1226 2799 1276 2822; x_wconf 78' lang='lat' dir='ltr'>ex</span> <span class='ocrx_word' id='word_1_592' title='bbox 1314 2799 1458 2822; x_wconf 83' lang='lat' dir='ltr'>eorum</span> <span class='ocrx_word' id='word_1_593' title='bbox 1497 2787 1718 2823; x_wconf 77' lang='lat' dir='ltr'>solitudine</span> <span class='ocrx_word' id='word_1_594' title='bbox 1756 2795 1879 2834; x_wconf 86' lang='lat' dir='ltr'>atque</span> <span class='ocrx_word' id='word_1_595' title='bbox 1906 2786 2195 2823; x_wconf 87' lang='lat' dir='ltr'>imbecillitate</span> <span class='ocrx_word' id='word_1_596' title='bbox 2221 2788 2356 2825; x_wconf 84' lang='lat' dir='ltr'>facere</span> <span class='ocrx_word' id='word_1_597' title='bbox 2386 2798 2425 2826; x_wconf 86' lang='lat' dir='ltr'>et</span> 
     </span>
     <span class='ocr_line' id='line_1_54' title="bbox 235 2838 2432 2889; baseline 0 -12"><span class='ocrx_word' id='word_1_598' title='bbox 235 2841 497 2878; x_wconf 66' lang='lat' dir='ltr'>testamentis</span> <span class='ocrx_word' id='word_1_599' title='bbox 527 2852 671 2878; x_wconf 85' lang='lat' dir='ltr'>eorum</span> <span class='ocrx_word' id='word_1_600' title='bbox 701 2848 812 2878; x_wconf 86' lang='lat' dir='ltr'>certe</span> <span class='ocrx_word' id='word_1_601' title='bbox 841 2841 980 2889; x_wconf 85' lang='lat' dir='ltr'>aliqua</span> <span class='ocrx_word' id='word_1_602' title='bbox 1011 2852 1061 2876; x_wconf 89' lang='lat' dir='ltr'>ex</span> <span class='ocrx_word' id='word_1_603' title='bbox 1090 2846 1207 2888; x_wconf 85' lang='lat' dir='ltr'>parte</span> <span class='ocrx_word' id='word_1_604' title='bbox 1236 2838 1410 2875; x_wconf 90' lang='lat' dir='ltr'>heredes</span> <span class='ocrx_word' id='word_1_605' title='bbox 1439 2838 1528 2875; x_wconf 84' lang='lat' dir='ltr'>fore</span> <span class='ocrx_word' id='word_1_606' title='bbox 1549 2845 1618 2875; x_wconf 88' lang='lat' dir='ltr'>aut</span> <span class='ocrx_word' id='word_1_607' title='bbox 1638 2838 1822 2886; x_wconf 89' lang='lat' dir='ltr'>legatum</span> <span class='ocrx_word' id='word_1_608' title='bbox 1843 2851 1929 2876; x_wconf 80' lang='lat' dir='ltr'>esse</span> <span class='ocrx_word' id='word_1_609' title='bbox 1947 2846 2186 2888; x_wconf 82' lang='lat' dir='ltr'>accepturos</span> <span class='ocrx_word' id='word_1_610' title='bbox 2206 2850 2432 2889; x_wconf 86' lang='lat' dir='ltr'>sperarent.</span> 
     </span>
     <span class='ocr_line' id='line_1_55' title="bbox 235 2891 2429 2943; baseline 0 -13"><span class='ocrx_word' id='word_1_611' title='bbox 235 2894 385 2943; x_wconf 70' lang='lat' dir='ltr'>Neque</span> <span class='ocrx_word' id='word_1_612' title='bbox 413 2906 512 2930; x_wconf 83' lang='lat' dir='ltr'>vero</span> <span class='ocrx_word' id='word_1_613' title='bbox 542 2894 762 2942; x_wconf 79' lang='lat' dir='ltr'>quicquam</span> <span class='ocrx_word' id='word_1_614' title='bbox 792 2894 1015 2943; x_wconf 83' lang='lat' dir='ltr'>proclivius</span> <span class='ocrx_word' id='word_1_615' title='bbox 1043 2893 1147 2937; x_wconf 83' lang='lat' dir='ltr'>fuit,</span> <span class='ocrx_word' id='word_1_616' title='bbox 1187 2904 1311 2940; x_wconf 85' lang='lat' dir='ltr'>quam</span> <span class='ocrx_word' id='word_1_617' title='bbox 1348 2891 1594 2928; x_wconf 86' lang='lat' dir='ltr'>mulieribus</span> <span class='ocrx_word' id='word_1_618' title='bbox 1631 2891 1873 2939; x_wconf 86' lang='lat' dir='ltr'>imponere,</span> <span class='ocrx_word' id='word_1_619' title='bbox 1916 2893 2067 2942; x_wconf 73' lang='lat' dir='ltr'>quippe</span> <span class='ocrx_word' id='word_1_620' title='bbox 2105 2905 2209 2940; x_wconf 87' lang='lat' dir='ltr'>quae</span> <span class='ocrx_word' id='word_1_621' title='bbox 2244 2893 2344 2930; x_wconf 88' lang='lat' dir='ltr'>iuris</span> <span class='ocrx_word' id='word_1_622' title='bbox 2382 2907 2429 2934; x_wconf 83' lang='lat' dir='ltr'>ac</span> 
     </span>
     <span class='ocr_line' id='line_1_56' title="bbox 237 2943 2429 2995; baseline -0 -9"><span class='ocrx_word' id='word_1_623' title='bbox 237 2949 383 2994; x_wconf 79' lang='lat' dir='ltr'>legum</span> <span class='ocrx_word' id='word_1_624' title='bbox 418 2957 568 2994; x_wconf 81' lang='lat' dir='ltr'>parum</span> <span class='ocrx_word' id='word_1_625' title='bbox 605 2946 767 2994; x_wconf 87' lang='lat' dir='ltr'>peritae</span> <span class='ocrx_word' id='word_1_626' title='bbox 804 2953 925 2995; x_wconf 90' lang='lat' dir='ltr'>atque</span> <span class='ocrx_word' id='word_1_627' title='bbox 963 2952 1110 2982; x_wconf 89' lang='lat' dir='ltr'>natura</span> <span class='ocrx_word' id='word_1_628' title='bbox 1149 2944 1308 2981; x_wconf 84' lang='lat' dir='ltr'>debiles</span> <span class='ocrx_word' id='word_1_629' title='bbox 1350 2951 1389 2980; x_wconf 92' lang='lat' dir='ltr'>et</span> <span class='ocrx_word' id='word_1_630' title='bbox 1423 2943 1616 2980; x_wconf 85' lang='lat' dir='ltr'>infirmae</span> <span class='ocrx_word' id='word_1_631' title='bbox 1655 2943 1836 2982; x_wconf 88' lang='lat' dir='ltr'>aliorum</span> <span class='ocrx_word' id='word_1_632' title='bbox 1872 2944 2120 2993; x_wconf 88' lang='lat' dir='ltr'>praesertim</span> <span class='ocrx_word' id='word_1_633' title='bbox 2150 2943 2429 2985; x_wconf 73' lang='lat' dir='ltr'>officiosorum</span> 
     </span>
     <span class='ocr_line' id='line_1_57' title="bbox 239 2995 2431 3048; baseline 0.001 -12"><span class='ocrx_word' id='word_1_634' title='bbox 239 2999 462 3037; x_wconf 84' lang='lat' dir='ltr'>hominum</span> <span class='ocrx_word' id='word_1_635' title='bbox 489 2998 648 3047; x_wconf 88' lang='lat' dir='ltr'>laqueis</span> <span class='ocrx_word' id='word_1_636' title='bbox 676 2997 799 3037; x_wconf 84' lang='lat' dir='ltr'>facile</span> <span class='ocrx_word' id='word_1_637' title='bbox 836 2998 1139 3048; x_wconf 86' lang='lat' dir='ltr'>deciperentur.</span> <span class='ocrx_word' id='word_1_638' title='bbox 1218 2997 1330 3035; x_wconf 89' lang='lat' dir='ltr'>Huic</span> <span class='ocrx_word' id='word_1_639' title='bbox 1365 2996 1495 3045; x_wconf 89' lang='lat' dir='ltr'>igitur</span> <span class='ocrx_word' id='word_1_640' title='bbox 1522 2995 1700 3035; x_wconf 82' lang='lat' dir='ltr'>Aebutio</span> <span class='ocrx_word' id='word_1_641' title='bbox 1737 2997 1929 3035; x_wconf 85' lang='lat' dir='ltr'>auctione</span> <span class='ocrx_word' id='word_1_642' title='bbox 1965 2996 2216 3035; x_wconf 82' lang='lat' dir='ltr'>hereditaria</span> <span class='ocrx_word' id='word_1_643' title='bbox 2244 2999 2431 3039; x_wconf 86' lang='lat' dir='ltr'>instituta</span> 
     </span>
    </p>
   </div>
  </div>
 </body>
</html>
