2690 3197
1312 28 1344 70 8

233 185 375 222 orator
403 174 728 230 argumentandi
754 173 987 219 rationem3
1017 173 1174 211 etenim
1195 186 1322 224 quum
1342 173 1600 214 Caesenniae
1619 173 1820 211 mandatu
1838 173 2065 213 Aebutium
2084 174 2261 216 fundum
2283 178 2431 218 emisse

237 245 366 285 ,ιρις
394 222 460 281 (S,
491 233 553 273 16.
583 228 688 276 seq.)
718 227 890 275 quidem
920 227 1187 273 ostendisset,
1216 240 1353 275 neque
1382 235 1537 271 tamen,
1570 228 1767 276 quoniam
1790 226 1956 264 tabulas
1984 235 2192 265 averterat
2218 228 2444 276 Aebutius,''

237 287 350 329 ..ῆι
372 284 506 324 firmis
542 279 791 325 testimoniis
832 279 1012 329 probare
1048 285 1204 326 posset:
1254 278 1335 316 hoc
1373 280 1463 317 loco
1502 291 1553 316 ex
1590 280 1663 323 iis,
1710 291 1814 328 quae
1854 274 2137 318 adversarius·
2162 290 2434 328 concesserat,

238 335 651 390 argumentationem
681 332 861 369 conficit.
918 332 1189 369 Concesserat
1217 339 1356 369 autem
1384 333 1585 370 Aebutius
1609 331 1690 369 hoc
1709 339 1887 377 tantum,
1917 339 2090 382 propter
2110 345 2230 372 usum
2249 336 2437 374 fructum

239 390 470 444 possedisse
498 386 799 429 Caesenniam3
839 397 918 433 qua
955 391 1120 420 mortua
1156 396 1275 421 usum
1312 385 1497 422 fructum
1532 396 1620 420 non
1657 384 1708 421 ad
1735 384 1937 421 heredem
1966 387 2053 421 eius
2081 386 2327 432 Caecinam,
2365 388 2438 424 sed

239 446 296 486 ιὰ
321 456 386 490 se,
423 449 636 489 tamquam
666 438 907 483 dominum,
944 436 1170 487 pertinere.
1243 437 1324 474 Sed
1353 449 1481 487 quum
1510 437 1656 475 Cicero
1685 436 1958 475 Caesenniam
1988 449 2074 475 non
2103 434 2237 478 solum
2266 445 2439 490 propter

239 510 364 538 usum
389 496 596 536 fluctum,
634 492 705 527 sed
743 492 869 527 etiam
909 503 957 526 ex
987 490 1198 535 emptione
1228 489 1302 525 illa
1329 490 1509 528 fundum
1535 490 1763 538 possedisse
1791 490 2027 537 probasset,
2069 492 2182 527 aliud
2218 498 2443 540 praeterea

240 552 540 600 argumentum
578 555 631 580 ex
659 542 827 580 Aebutii
855 542 1005 591 agendi
1034 542 1223 577 oratione
1261 541 1558 592 depromptum
1595 541 1728 579 affert.
1807 541 1921 578 Dicit
1956 543 2072 580 enim
2109 543 2277 581 Aebutii
2312 543 2440 581 fuisse

235 609 400 642 mortua
420 597 654 637 Caesennia
681 596 859 631 fundum
889 595 1115 636 vindicare,
1145 605 1280 641 neque
1311 596 1557 639 concedere,
1586 601 1632 630 ut
1662 595 1833 630 colonus
1864 601 1968 629 esset
1995 595 2040 629 in
2064 595 2194 632 fundo
2216 608 2268 632 ex
2290 596 2445 633 eadem.

239 648 544 694 conductione,
584 660 683 697 qua,
723 659 851 695 quum
881 646 1109 683 Caesennia
1147 646 1328 691 viveret,
1359 646 1532 693 fuisset,
1569 657 1706 695 n‘eque
1744 653 1788 683 ut
1817 645 1997 683 Caecina
2033 647 2205 695 praedia
2234 648 2443 693 circuiret,

237 707 282 746 'et
310 707 495 744 rationes
523 713 546 737 a
576 700 725 737 colono
750 702 972 748 acciperet.
1029 697 1150 745 Quod
1180 711 1308 746 quum
1334 700 1535 736 Aebutius
1563 710 1650 735 non
1679 700 1818 735 statim
1847 706 1939 747 post
1966 707 2150 736 mortem
2180 701 2442 738 Caesenniae

239 760 432 802 fecisset,
470 754 549 792 sed·
568 760 657 792 tum
689 752 880 795 deinum,
920 763 1046 801 quum
1075 752 1115 787 vi
1145 750 1391 797 Caecinam,
1420 752 1513 800 qui,
1542 758 1588 789 ut
1615 751 1750 796 heres,
1781 753 1941 788 interea
1969 753 2015 788 in
2043 753 2194 789 veteris
2223 754 2444 790 locationis

241 815 338 851 iura
365 813 647 849 concesserat,
679 805 809 841 fundo
838 805 913 839 illo
943 804 1109 850 privare
1139 804 1353 839 studebat:
1393 805 1493 852 quin
1522 804 1703 840 Caecina
1733 811 1837 839 esset
1865 804 2057 840 dominus
2088 816 2134 841 ac
2165 816 2372 853 possessor
2401 812 2446 841 et

241 863 397 902 iniuria
425 859 476 897 ab
504 858 685 896 Aebutio
715 857 920 898 deiectus,
951 855 1123 891 dubium
1154 866 1239 890 esse
1268 866 1353 891 non
1381 862 1555 904 poterat.
1613 856 1782 893 Scilicet
1809 855 1936 892 homo
1967 855 2140 893 callidus
2170 869 2219 893 ac
2240 864 2442 902 versutus,

242 918 277 954 si
303 916 391 965 ipse
420 911 500 949 sibi
527 922 682 958 suaque
703 909 878 957 pecunia
898 907 1075 943 fundum
1095 908 1274 954 emisset,
1304 914 1416 945 certe
1435 908 1504 945 vix
1523 916 1690 946 mortua
1715 908 1945 946 Caesennia
1970 909 2015 944 in
2035 908 2216 946 fundum
2235 910 2443 957 irruisset,

243 978 422 1017 eumque
451 963 614 1011 sibique
644 962 900 997 vindicasset.
930 961 968 1007 ¹⁶¹)

430 1016 557 1066 Quod
585 1014 764 1062 denique
786 1012 974 1050 Savinius
1004 1024 1056 1048 ex
1086 1013 1274 1050 oratione
1302 1025 1378 1062 pro
1400 1013 1543 1051 Tullio
1574 1014 1685 1061 §.alp
1710 1013 1760 1050 ad
1782 1024 1898 1050 suam
1919 1013 2173 1050 sententiam
2193 1013 2447 1052 firmandam

246 1067 792 1112 excitavit¹testimonium,
832 1065 885 1114 (l.
917 1065 942 1100 l.
972 1076 1011 1113 p.
1034 1067 1121 1106 [165.
1150 1073 1234 1101 not.
1263 1067 1323 1112 a.)
1361 1067 1498 1114 potius
1529 1067 1578 1102 ad
1610 1078 1701 1102 eam
1740 1066 2037 1103 infirmandam
2072 1067 2213 1103 valere
2253 1073 2447 1115 apertum

245 1134 329 1170 est3
358 1134 446 1160 non
475 1121 589 1157 enim
618 1118 915 1156 animadvertit
950 1118 1014 1152 vir
1053 1117 1335 1163 doctissimus,
1375 1125 1468 1162 aut,
1497 1130 1550 1154 ne
1579 1130 1695 1155 suam
1725 1118 1977 1154 sententiam
2006 1118 2264 1162 infirmaret,
2307 1118 2448 1155 noluit

245 1176 610 1216 animfidvertere»
651 1170 899 1207 vocabulum
937 1169 1072 1217 quod
1109 1170 1160 1206 ad
1189 1171 1314 1206 verba
1342 1170 1557 1206 interdicti
1586 1171 1817 1206 necessario
1848 1171 2102 1218 pertineres
2124 1182 2312 1218 „quum
2347 1171 2447 1207 ille

243 1227 573 1280 possideret,
605 1230 645 1258 et
668 1223 744 1258 hoc
763 1222 955 1268 amplius,
988 1221 1123 1268 quod
1152 1232 1248 1257 nec
1276 1222 1338 1265 vi,
1366 1233 1461 1257 nec
1491 1222 1639 1265 clam,
1668 1233 1767 1257 nec
1797 1223 2052 1269 precario
2084 1222 2445 1270 possideret.“

245 1282 308 1320 Cf.
335 1293 413 1331 pro
444 1278 562 1315 Caec.
594 1276 629 1323 S.
651 1280 716 1319 27.
775 1274 979 1318 „Etiam
1009 1272 1109 1309 hoc
1136 1274 1389 1322 amplius,
1421 1287 1571 1322 quum
1601 1279 1737 1323 seqq.“
1766 1277 1832 1325 **)
1886 1275 2021 1322 Atque
2047 1274 2147 1311 inde
2175 1272 2446 1323 intelligitur,

248 1336 502 1373 Ciceronem
530 1329 623 1363 iure
652 1339 723 1363 suo
756 1326 1031 1367 contendisse,
1062 1337 1147 1360 non
1176 1337 1277 1373 opus
1308 1337 1406 1369 esse,
1438 1333 1482 1362 ut
1510 1327 1558 1371 is,
1588 1327 1659 1375 qui
1686 1326 1812 1362 armis
1834 1326 2097 1371 deficeretur,
2125 1327 2171 1362 in
2191 1328 2449 1374 possessione

250 1393 381 1429 esset,
410 1381 522 1432 quod
548 1381 634 1416 iam
662 1378 793 1426 probe
823 1378 1034 1424 perspexit
1065 1378 1283 1414 Graevius.
1315 1378 1384 1427 (ad
1406 1385 1508 1414 orat.
1533 1391 1608 1426 pro
1630 1378 1809 1414 Caecina
1830 1383 1868 1423 7,
1896 1383 1960 1419 20.
1987 1392 2025 1426 p.
2047 1383 2110 1422 71.
2142 1379 2204 1414 ed.
2229 1379 2449 1426 Garaton.)

247 1440 490 1478 Voluerunt
525 1432 642 1469 enim
672 1429 875 1474 Romani,
914 1436 959 1466 ut
995 1429 1053 1476 is,
1093 1430 1164 1479 qui
1200 1430 1325 1468 armis
1363 1437 1573 1477 uteretur,
1612 1429 1730 1468 nullo
1758 1430 1862 1468 iuris
1890 1430 2103 1469 frueretur
2131 1430 2364 1478 beneficio,
2401 1437 2451 1470 ut

251 1494 326 1543 qui
352 1492 441 1539 ipse
471 1487 614 1522 omnia
643 1486 733 1520 iura
763 1483 962 1519 turbaret.

277 1557 285 1564 ·
440 1538 565 1577 Nunc
593 1537 677 1573 iam
706 1533 757 1571 ad
785 1546 855 1578 ea,
895 1544 1000 1582 quae
1028 1533 1073 1572 L.
1101 1534 1195 1572 Piso
1227 1534 1277 1570 ad
1307 1545 1424 1570 suam
1453 1544 1616 1571 causam
1645 1532 1939 1572 stabiliendam
1970 1534 2159 1582 exposuit
2187 1541 2448 1584 argumenta,

247 1597 392 1635 redire
419 1593 535 1627 licet.
590 1590 645 1625 Et
682 1587 835 1622 horum
873 1587 1042 1632 quidem
1083 1594 1431 1632 argumentorum
1467 1586 1574 1621 illud
1612 1593 1672 1628 est
1708 1587 1970 1634 proximum,
2010 1587 2121 1634 quod
2147 1587 2192 1620 in
2223 1587 2449 1624 verborum

251 1644 463 1688 calumnia
492 1647 552 1678 est
578 1640 773 1689 positum.
829 1636 864 1684 ἓ.
894 1640 958 1679 31.
1000 1637 1141 1680 „Non
1181 1638 1383 1682 deieci,
1422 1637 1509 1674 sed
1546 1637 1783 1674 obstiti.“
1840 1637 1875 1685 §.
1903 1642 1971 1680 35.
2012 1638 2309 1682 „Deiectus
2345 1650 2451 1685 non

249 1707 332 1740 est
359 1694 621 1742 Caecina,
651 1691 772 1739 quia
800 1690 983 1725 nonin
1010 1689 1178 1725 fundo
1207 1689 1360 1725 fuit.“
1405 1689 1439 1736 ς.
1466 1692 1530 1731 38.
1559 1692 1622 1732 [⁸9.
1653 1692 1715 1732 64.
1746 1692 1810 1731 66.
1850 1690 2053 1734 ,‚Eieci,
2083 1699 2188 1726 non
2217 1690 2451 1738 dei-scir·

249 1765 379 1805 quam
405 1746 632 1784 verborum
657 1742 910 1780 calumniam
938 1748 979 1777 et
1001 1741 1310 1779 cavillationem
1331 1742 1482 1779 Cicero
1506 1743 1673 1790 egregie
1694 1742 1861 1786 refutat,
1893 1749 1933 1779 et
1950 1742 2050 1779 inde
2070 1743 2178 1790 §.aq
2198 1744 2452 1783 sententiam
2495 1757 2504 1763 “

235 1813 298 1845 .et
323 1803 584 1841 voluntatem
612 1797 758 1845 legum
786 1806 871 1831 esse
899 1794 1167 1842 sequendam,
1196 1806 1281 1830 non
1311 1794 1356 1830 in
1386 1795 1520 1831 verbis
1551 1806 1636 1830 esse
1665 1793 1926 1833 haerendum
1955 1802 2079 1844 atque
2099 1794 2449 1844 delitescendum,

250 1857 397 1898 multis
424 1864 474 1891 ac
498 1850 629 1889 firmis
657 1847 916 1898 argumentis
946 1847 1135 1883 ostendit.
1216 1849 1352 1897 Atque
1387 1854 1434 1884 ut
1471 1848 1733 1897 planissime,
1772 1860 1894 1896 quam
1933 1848 2035 1884 levis
2073 1848 2125 1883 sit
2161 1855 2284 1896 atque
2311 1849 2451 1887 inanis

229 1912 328 1950 -illa
357 1902 680 1957 argumentandi
719 1908 759 1937 et
788 1900 1042 1937 defendendi
1079 1900 1209 1943 ratio,
1247 1900 1456 1944 declaret,
1493 1901 1620 1937 simili
1658 1899 1837 1949 quodam
1874 1900 2100 1937 cavillandi
2136 1911 2291 1948 genere
2324 1901 2372 1937 in
2398 1902 2452 1939 ii·

255 1962 416 2005 verbis,
445 1960 492 1998 in
521 1968 625 2005 quae
656 1954 821 2003 sponsio
852 1959 940 1990 erat
968 1953 1087 1996 facta,
1117 1954 1258 1990 utitur.
1312 1952 1506 2000 Explicat
1534 1960 1766 2001 praeterea,
1794 1953 1920 2003 idque
1948 1964 2083 2001 paene
2110 1953 2237 1990 nimis
2268 1950 2451 2002 copiose,

253 2015 384 2053 verba
418 2007 660 2050 interdicti,
710 2014 832 2054 atque
879 2003 987 2040 nihil
1034 2005 1239 2041 interesse
1276 2005 1554 2049 demonstrat,
1601 2017 1702 2042 num
1741 2005 1828 2053 quis
1866 2007 2076 2054 ingressus
2116 2017 2169 2042 an
2206 2006 2452 2054 ingrediens

253 2065 486 2118 repellatur
514 2059 573 2109 (ς.
602 2056 712 2108 39),
742 2070 843 2094 num
873 2069 924 2093 ex
953 2057 1045 2093 loco
1075 2069 1129 2093 an
1157 2069 1179 2094 a
1207 2057 1301 2093 loco
1331 2058 1567 2100 deiiciatur,
1600 2058 1796 2105 quoniam
1824 2065 2000 2106 utraque
2028 2058 2145 2093 notio
2173 2057 2217 2092 in
2246 2058 2451 2106 particula

257 2119 398 2160 unde
427 2114 539 2152 insit.
570 2111 631 2159 (§.
660 2113 724 2153 86.
756 2109 894 2159 seqq.)
950 2110 998 2146 ln
1022 2108 1105 2146 hoc
1133 2117 1271 2147 autem
1302 2110 1625 2158 argumentandi
1654 2122 1836 2158 genere,
1877 2110 1986 2159 quod
2014 2110 2059 2145 in
2090 2109 2227 2146 verbis
2257 2119 2451 2149 accurate

255 2158 506 2211 definiendis
538 2171 579 2201 et
607 2162 910 2210 distinguendis
939 2163 1148 2205 cernitur,
1188 2174 1236 2198 eo
1276 2163 1429 2198 diutius
1468 2169 1680 2207 versatur,
1721 2175 1800 2210 quo
1838 2163 1970 2211 magis
2010 2162 2267 2199 adversarius
2306 2164 2452 2201 eadem

258 2219 499 2273 disputandi
527 2217 692 2253 ratione
721 2217 783 2251 ius
813 2226 931 2250 suurn
963 2214 1190 2250 defendere
1220 2216 1444 2251 studuerat.
1481 2216 1570 2264 ***)

445 2269 559 2308 Illud
599 2269 779 2315 deniqne
820 2274 1137 2311 argumentum,
1178 2279 1255 2314 quo
1291 2266 1389 2303 Piso
1428 2267 1714 2302 demonstrare
1753 2266 2002 2309 conabatur,
2041 2264 2263 2302 Caecinam
2298 2277 2353 2303 ne
2388 2268 2453 2305 uti

258 2325 432 2379 quidem
457 2333 577 2371 posse
605 2320 682 2357 illo
712 2318 958 2362 interdicto,
997 2320 1092 2367 quia
1123 2320 1182 2354 vis
1211 2331 1297 2356 non
1328 2326 1433 2356 esset
1460 2318 1587 2362 facta,
1627 2330 1753 2367 quum
1790 2331 1916 2356 nemo
1955 2318 2160 2354 sauciatus
2195 2325 2267 2355 aut
2296 2319 2451 2357 occisus

258 2386 379 2423 esset,
408 2376 557 2414 Cicero
580 2374 683 2411 iuris
706 2380 746 2408 et
767 2372 908 2419 legum
930 2372 1292 2408 constitutionibus
1315 2383 1481 2420 prorsus
1504 2371 1673 2407 refellit.
1730 2375 1864 2419 Atque
1883 2371 1962 2406 hoc
1983 2371 2119 2417 ipsum
2142 2379 2452 2418 argumentum,

258 2434 363 2470 sieut
393 2429 592 2478 pleraque
621 2425 725 2467 alia,
757 2423 963 2460 eiusmodi
993 2431 1074 2466 est,
1115 2432 1160 2460 ut
1188 2425 1472 2461 adversarius.
1510 2424 1543 2458 si
1571 2424 1721 2459 iustam
1751 2435 1916 2460 causam
1945 2422 2217 2471 defendisset,
2261 2431 2373 2461 certe
2403 2438 2451 2461 eo

257 2481 544 2523 abstinuisset3
579 2489 679 2515 nam
708 2476 738 2513 si
768 2478 861 2513 iure
890 2475 1123 2525 possidebat
1152 2475 1351 2514 Aebutius
1373 2504 1383 2521 ,
1414 2475 1522 2512 nihil
1551 2476 1663 2513 aliud
1692 2476 1773 2512 nisi
1801 2475 1882 2514 hoc
1908 2477 2045 2526 ipsum
2073 2476 2215 2513 Pisoni
2245 2484 2334 2513 erat
2361 2490 2451 2525 pro-

346 2629 378 2666 u)
432 2622 539 2666 Quod
561 2620 726 2653 Savinius
749 2621 790 2661 (1,
812 2621 839 2653 1.
862 2630 899 2662 p.
921 2621 999 2656 464.
1021 2625 1095 2652 not.
1118 2621 1167 2659 4,)
1190 2621 1352 2653 rationes
1375 2619 1472 2658 illas,
1497 2630 1584 2662 quas
1608 2630 1629 2651 a
1651 2621 1780 2652 colono
1804 2625 1998 2663 acceperat
2021 2619 2193 2659 Caecina,
2215 2619 2261 2650 ad
2284 2630 2338 2660 ea,
2363 2632 2453 2664 quae

430 2665 577 2712 colonus
600 2663 799 2712 Caeci-nae,
829 2661 961 2694 heredi
984 2662 1230 2704 Caesenniae,
1263 2667 1417 2706 propter
1440 2672 1544 2694 usum
1566 2662 1725 2695 {ructum
1748 2663 1925 2704 debebat,
1949 2661 2170 2705 pertinuisse
2195 2661 2294 2704 dicit,
2318 2663 2356 2695 in
2378 2665 2455 2698 solu

433 2712 642 2738 coniectura
672 2710 816 2738 nititur,

327 2753 377 2790 ⁰)
430 2747 521 2780 vide
542 2745 768 2780 Huschkium
799 2746 836 2777 in
859 2744 973 2783 ΛΜΗ,
1007 2745 1081 2782 litt.
1116 2757 1155 2790 p,
1176 2747 1254 2785 164.
1290 2756 1387 2788 seq„
1423 2746 1485 2788 qui
1509 2739 1694 2779 Sav'inium
1715 2746 1826 2779 verba
1849 2744 2036 2778 interdicti
2057 2745 2152 2778 male
2176 2751 2213 2778 et
2234 2746 2456 2782 calumniose

432 2800 511 2822 esse
535 2789 815 2830 interpretatum
837 2799 923 2819 vere
947 2788 1142 2824 existimat,
1547 2801 1556 2809 ⁷

306 2836 379 2875 su)
433 2834 534 2863 Haec
564 2840 651 2873 pars
683 2829 857 2862 orationis
889 2840 1109 2873 quamquam
1141 2830 1185 2863 ad
1213 2829 1404 2863 consilium
1437 2830 1595 2862 oratoris
1628 2830 1776 2873 egregie
1801 2834 1856 2863 est
1879 2829 2125 2872 conformata,
2158 2835 2281 2862 tamen
2303 2838 2455 2875 propter

432 2883 557 2904 rerum
580 2878 746 2903 naturam
772 2873 1030 2904 sententiarum
1060 2884 1105 2905 ue
1129 2874 1238 2906 exiles
1263 2873 1425 2914 argutias
1447 2873 1572 2915 paullo
1596 2873 1714 2905 minus
1736 2873 1913 2905 lectorem
1937 2873 2115 2913 delectat,
2137 2872 2175 2903 id
2199 2874 2294 2914 quod
2318 2875 2454 2916 signifi-

434 2924 520 2946 care
542 2914 685 2945 videtur
709 2913 859 2944 Tacitus
883 2913 1018 2956 dialog.
1070 2926 1088 2945 e
1113 2921 1221 2951 oratt,
1243 2915 1309 2954 20,
1340 2915 1372 2949 1.
1418 2915 1535 2957 „Quis
1568 2915 1612 2947 de
1636 2915 1848 2957 exceptione
1880 2920 1916 2947 et
1946 2914 2105 2947 formula
2133 2916 2362 2958 perpetietur
2393 2915 2456 2949 illa

432 2958 611 2988 immensa
632 2955 816 2987 volumina
830 2979 839 2995 ,
865 2966 959 2997 quae
981 2966 1050 2997 pro
1073 2957 1127 2993 Μ,
1152 2957 1274 2988 Tullio
1298 2961 1334 2987 et
1357 2959 1396 2992 A,
1421 2956 1577 2988 Caecina
1598 2957 1752 2998 legimus
1769 2958 1806 2987 !“
