2690 3197
1385 42 1445 85 10

1458 102 1535 111 ἡ·

510 185 606 237 Cap.
644 188 804 226 XXVH.
851 187 886 233 ξ.
926 189 1093 231 76-77.
1141 185 1235 222 loco
1274 185 1610 231 corruptissimo:
1689 186 1831 229 „Non
1868 185 2118 222 restituis
2152 197 2260 234 seqq.
2306 191 2390 221 tres
2434 184 2502 221 illi

321 242 486 280 codices
517 243 637 290 plane
667 242 777 275 inter
806 249 847 275 se
877 240 1165 283 consentiunt3
1196 238 1251 272 sic
1273 236 1526 285 CapXXXI.
1557 237 1697 285 §.90.“
1752 237 1865 274 Nisi
1891 236 2169 275 indubium
2200 249 2310 275 esse
2340 232 2501 275 etia'm

319 308 475 343 posse
515 292 784 330 concedis,
852 291 997 334 Cum,
1037 292 1124 338 qui
1162 301 1262 325 non
1301 290 1598 336 possideat,
1637 302 1796 336 negas
1834 291 1998 326 deiici
2034 301 2199 337 posse.

507 343 819 393 Cap.xxx[11.
857 343 890 391 §-
918 347 981 386 95.
1038 341 1186 377 Orell‹.:
1231 352 1447 389 querar,
1491 341 1576 378 Erf.
1610 341 1835 378 Vindobb.:
1878 354 2013 379 rare.

507 398 606 445 Cap.
635 395 816 434 XXXIV.
858 396 892 441 S.
920 400 982 437 99.
1038 394 1191 429 Orcll.:
1233 394 1558 437 mancinum3
1599 394 1686 429 Erf.
1715 394 1937 429 Vindobb.:
1987 394 2235 443 mancipi.
2364 435 2367 439 p

319 451 463 499 Neque
492 455 635 486 tamen
664 448 825 485 codices
843 445 1181 483 vindobonenses
1201 444 1488 481 Erfnrtensem
1511 446 1756 482 auctoritate
1786 446 2077 494 aequiparant3
2106 447 2237 483 multo
2269 445 2381 482 enim
2406 450 2502 481 sunt

318 502 602 550 negligentius
643 501 800 537 exarati
837 505 877 534 et
914 498 1207 546 properantius
1248 498 1416 544 scripti,
1470 504 1511 532 et
1547 498 1642 532 satis
1685 498 1819 533 multa
1855 499 2127 534 inveniuntur
2165 499 2343 540 indicia,
2395 507 2501 546 quae

317 554 495 591 nimiam
523 552 689 589 librarii
714 550 1023 588 festinationem
1052 556 1092 584 et
1120 545 1363 585 oscitantem
1391 547 1624 584 socordiam
1652 547 1854 597 produnt3
1884 560 1980 585 nam
2003 551 2238 599 saepissimo
2259 549 2385 586 verba
2405 554 2502 584 sunt

317 608 491 651 emissa,
544 605 593 642 ab
634 616 717 640 una
758 604 868 639 linea
910 603 961 638 ad
996 601 1172 636 alteram
1213 601 1478 643 aberratum,
1520 601 1667 636 calami
1702 614 1845 637 errore
1883 601 2062 638 multum
2099 609 2158 637 est
2187 608 2411 649 peccatum.
2447 618 2501 627 ·-

315 659 543 696 Praeter-ea
581 662 693 692 exta-t
727 655 772 691 in
801 652 1053 689 bibliotheca
1083 652 1283 688 Caesarea
1312 652 1627 688 vindobonensi
1654 653 1800 689 tertius
1831 653 1987 696 cod-ex,
2031 654 2101 702 qui
2129 653 2238 690 hanc
2267 653 2501 688 orationem

308 711 528 750 continet,
582 707 654 741 sed
689 705 1045 753 negligentissime
1085 711 1274 739 exaratus
1311 709 1352 738 et
1388 703 1530 739 multis
1565 704 1726 738 mendis
1765 704 2028 752 inquinatus,
2077 706 2131 739 ita
2171 704 2361 745 utxnihil
2396 702 2499 739 inde

317 760 490 798 subsidii
518 757 568 794 ad
597 757 832 795 orationem
860 754 1163 793 emendandam
1193 755 1284 804 capi
1310 755 1449 804 possit.
1502 755 1576 792 Est
1593 754 1668 792 ille
1688 754 1941 802 chartaceus,
1973 770 2024 794 ex
2042 757 2160 809 libris
2178 756 2499 794 Bonaventnrae

320 813 435 852 Galli
462 810 612 849 Silesii.
648 811 689 857 *)

501 862 576 899 Ηῑε
605 863 736 910 igitur
762 860 877 898 novis
906 859 1095 897 subsidiis
1123 860 1346 897 instructus
1375 859 1426 896 de
1452 859 1667 896 nonnullis
1694 860 1796 897 locis
1826 862 2093 899 emendandis
2120 862 2208 899 iam
2234 872 2366 910 agam.
2428 860 2499 897 Ac

314 917 502 966 prim-um
531 915 701 962 quidem
729 915 778 950 de
807 925 854 949 eo
882 913 995 956 loco,
1026 913 1096 959 qui
1124 912 1281 959 legitur
1310 924 1394 960 cap.
1423 912 1493 947 111.
1525 912 1560 959 §-
1590 917 1627 956 7.
1685 913 1817 961 „Qui
1844 914 2016 962 igitur
2047 915 2323 958 convenit,
2363 922 2498 961 quae

317 979 512 1016 „causa
557 965 728 1003 fuerit
781 965 842 1002 ad
897 963 1349 1002 constituendum
1394 963 1686 1009 iudicium,
1743 966 1964 1003 eandem
2016 978 2217 1003 moram
2270 976 2380 1002 esse
2434 963 2499 1001 ad

318 1018 723 1067 „iudicandum?
813 1016 865 1054 Si
922 1017 1032 1065 quis
1054 1043 1065 1061 ,
1125 1016 1260 1065 quod
1313 1016 1632 1066 spopondit,
1687 1028 1784 1065 qua
1833 1020 1888 1054 in
1943 1031 2000 1055 re
2067 1031 2225 1056 vanno
2284 1029 2337 1054 ει,
2394 1028 2494 1053 uno

316 1084 654 1120 „oanicnvim
704 1070 756 1106 id
794 1081 899 1105 non
944 1069 1101 1113 facit,
1147 1075 1357 1105 maturo
1401 1069 1605 1105 iudicio
1652 1069 1767 1105 sine
1813 1070 1927 1107 ulla
1968 1070 2245 1118 religione
2287 1079 2493 1116 -1un101s

315 1124 760 1171 „condemnaturt
808 1122 897 1169 qui
937 1131 1031 1168 per
1076 1120 1324 1165 tutelam,
1373 1125 1463 1157 aut
1505 1120 1851 1167 societatem,
1901 1128 1988 1159 aut
2030 1134 2138 1159 rem
2179 1120 2492 1162 mandatam,

306 1168 435 1223 „a'ut
469 1174 710 1211 fiduciae
747 1173 1017 1209 rationem
1052 1171 1335 1209 fraudavit
1364 1171 1684 1221 quempiam,
1717 1172 1777 1209 'in
1816 1186 1877 1210 eo
1914 1186 2012 1223 quo
2042 1174 2301 1211 delictum
2328 1172 2493 1210 maius

314 1235 448 1274 „est,
487 1239 544 1262 eo
580 1238 752 1274 poena
790 1231 867 1261 est
904 1224 1125 1260 tardior.
1152 1245 1205 1253 —
1259 1224 1378 1268 „Est
1415 1224 1554 1260 enim
1588 1230 1746 1272 turpe
1781 1226 2082 1262 iudicium.“
2109 1246 2163 1256 --
2214 1226 2287 1262 Ex
2329 1235 2492 1261 FAcro

313 1288 551 1327 „Quinem
586 1287 751 1314 ruam.
841 1275 1035 1312 Videte
1070 1276 1263 1323 igitur,
1300 1278 1462 1323 'quam
1497 1275 1681 1323 inique
1718 1277 1950 1322 accidat,
1988 1277 2108 1326 quia
2147 1289 2233 1314 res
2265 1276 2493 1324 indigna

307 1331 436 1378 .„sit‚
486 1329 612 1365 ideo.
654 1336 867 1377 turpem
914 1327 1386 1363 existimationem
1431 1327 1603 1375 sequi;
1649 1328 1769 1375 quia
1813 1329 1986 1376 turpis
2036 1328 2374 1365 existimatio
2420 1338 2492 1362 se·

313 1388 556 1432 „quatur‚
591 1380 715 1418 ideo
755 1391 866 1416 rem
902 1378 1184 1427 indignam
1222 1389 1326 1415 non
1363 1387 1663 1415 vntnlcanr.
1715 1380 1783 1417 Ac
1819 1381 1861 1416 si
1898 1380 2011 1429 quis
2048 1380 2180 1417 mihi
2206 1380 2302 1416 hoc
2328 1378 2491 1416 iudex

308 1439 762 1482 „recuperatorve
788 1431 952 1467 dicat:
990 1431 1226 1466 Potuisti
1256 1431 1395 1467 enim
1423 1442 1647 1467 an1onz
1677 1432 1888 1468 actione
1918 1433 2237 1480 confligere:
2265 1430 2492 1481 potuisti

313 1486 408 1534 „ad
430 1493 576 1522 tuum
605 1485 683 1521 ius
711 1483 967 1520 faciliore
997 1488 1046 1518 et
1076 1482 1433 1520 commodiore
1459 1482 1665 1520 iudicio
1693 1484 2000 1533 pervenire;
2037 1497 2199 1534 quare
2235 1491 2323 1523 aut
2349 1489 2491 1522 muta

312 1540 632 1584 „actionem,
671 1543 757 1573 aut
790 1536 906 1572 noli
940 1535 1068 1571 mihi
1102 1536 1331 1578 instare,
1371 1541 1427 1572 ut
1463 1536 1716 1571 iudicem:
1753 1542 1929 1572 tamen
1966 1542 2104 1585 seqq.“

503 1590 585 1634 sic,
615 1589 678 1625 uti.
700 1587 1065 1636 transscripsimuS,
1096 1586 1199 1623 haec
1231 1587 1355 1622 verba
1382 1587 1593 1622 constituit
1620 1586 1823 1631 Orellius,
1854 1588 1921 1623 cui
1948 1594 2089 1624 tamen
2116 1600 2204 1625 non
2228 1589 2275 1625 in
2299 1588 2490 1625 omnibus

310 1643 439 1683 rebus·
463 1653 549 1679 esse
573 1640 885 1678 assentiendum
912 1640 1116 1676 existimo.
1180 1638 1351 1675 Etenim
1378 1637 1600 1674 verborum
1631 1638 1870 1681 collocatio,
1908 1652 2011 1687 quae
2038 1641 2083 1676 in
2111 1642 2269 1677 ceteris.
2286 1640 2489 1684 omnibus,

313 1695 423 1744 quod
451 1695 651 1736 sciamus,
681 1691 891 1727 codicibus
918 1691 1150 1739 reperitur:
1187 1701 1282 1737 q-ua
1318 1690 1372 1724 in
1408 1701 1464 1724 re
1501 1689 1664 1725 verbo
1699 1701 1751 1725 se
1786 1702 1888 1726 uno
1918 1690 2204 1740 obligavit,
2241 1703 2489 1741 quamquam

310 1759 388 1797 pet
417 1757 458 1782 se
488 1757 572 1781 non
602 1751 665 1780 est
690 1741 979 1793 improbanda,
1008 1749 1149 1778 tamen
1178 1753 1241 1785 ea,
1270 1753 1393 1788 quam
1422 1741 1608 1778 omnium
1638 1741 1829 1779 codicum
1858 1744 2035 1790 optimus
2063 1745 2352 1792 palimpsestus
2382 1745 2489 1780 Tau-

310 1798 491 1836 rinensis
538 1795 727 1832 exhibet:
778 1793 939 1830 verbo
985 1804 1039 1829 se
1084 1792 1349 1841 obligavit
1395 1804 1518 1837 uno,
1561 1799 1608 1829 ut
1652 1792 1903 1842 elegantior,
1951 1795 1996 1831 in
2036 1796 2257 1834 verborum
2297 1796 2490 1833 ordinem

308 1850 463 1898 reponi
490 1848 677 1890 debebat,
707 1846 817 1894 quod
843 1853 957 1882 recte
974 1857 1109 1894 nuper
1126 1845 1338 1880 intellexit
1357 1845 1610 1881 Reinholdus
1630 1845 1830 1890 Klotzius,
1861 1848 1925 1881 vir
1944 1849 2240 1895 sagacissimus,
2269 1847 2315 1882 in
2334 1848 2488 1884 horreo

308 1900 510 1954 philolog.
535 1910 645 1937 novo
674 1897 763 1935 Vol.
790 1898 840 1935 II.
867 1908 958 1948 pag.
976 1899 1050 1942 543
1089 1896 1155 1934 cui
1182 1901 1324 1934 tamen
1352 1897 1396 1933 in
1427 1908 1474 1933 eo
1502 1908 1587 1934 non
1614 1908 1779 1947 possum
1807 1897 2070 1948 adstipulari,
2110 1900 2220 1949 quod
2245 1900 2492 1948 particulam

312 1957 358 1990 si
384 1955 430 1988 in
459 1953 608 1988 eodem
637 1952 781 1987 codice
813 1951 856 1986 P.
885 1951 936 1986 T.
965 1950 1187 1997 repetitam
1213 1950 1501 1996 recipiendam
1529 1951 1681 1984 statuit.
1746 1950 1855 1986 Nam
1884 1962 1987 1998 quae
2016 1952 2068 1987 ad
2095 1963 2209 1988 suam
2242 1953 2491 1989 sententiam

313 2002 667 2055 comprobandam
696 2001 818 2039 affert
845 2000 1053 2051 exempla,
1079 2011 1212 2038 unum
1241 2012 1293 2037 ex
1314 2007 1454 2037 nostra
1473 2001 1662 2038 oratione
1681 2000 1715 2048 ς.
1726 2004 1792 2045 58,
1822 2001 2001 2040 alterum
2021 2016 2072 2040 ex
2091 2004 2202 2041 Livii
2218 2003 2490 2042 historiarum

312 2058 426 2092 libro
454 2057 517 2099 11,
549 2060 610 2098 19,
639 2060 687 2097 9,
716 2054 825 2088 nihil
852 2064 1018 2100 pro-rsus
1046 2053 1098 2089 ad
1124 2052 1244 2087 illam
1272 2052 1588 2087 collocationem
1617 2052 1944 2090 confirmandam
1970 2054 2124 2100 valent,
2155 2056 2353 2104 quoniam
2380 2055 2491 2105 apud

314 2107 563 2147 Ciceronem
595 2112 687 2157 post
722 2102 1028 2156 parenthesim,
1067 2115 1171 2154 quae
1208 2109 1345 2141 totum
1373 2103 1573 2141 orationis
1608 2103 1726 2142 filum
1752 2105 2044 2155 interrumpit,
2079 2109 2286 2156 particula
2311 2108 2408 2153 illa,
2443 2115 2491 2145 ut

314 2162 422 2196 solet
448 2160 556 2202 fieri,
584 2159 791 2207 repetitur
818 2158 906 2202 **)-,
945 2152 1054 2206 apud
1081 2157 1247 2192 Livium
1273 2163 1444 2206 propter
1474 2156 1804 2195 enuntiationem
1838 2156 2060 2197 relativam
2086 2159 2230 2211 paullo·
2254 2159 2492 2211 longiorem

314 2213 453 2251 denuo
481 2212 707 2255 inseritur,
742 2210 786 2247 id
815 2209 924 2258 quod
950 2217 1043 2259 post
1070 2217 1157 2247 tam
1184 2209 1355 2246 brevem
1393 2216 1434 2245 et
1462 2209 1692 2256 simplicem
1722 2212 2074 2255 enuntiationem,
2113 2214 2243 2260 qualis
2278 2213 2359 2250 hoc
2393 2215 2487 2249 loco

316 2272 399 2310 est,
437 2275 516 2300 nec
542 2260 636 2299 fieri
664 2262 841 2307 assolet,
879 2268 919 2306 et
946 2261 1069 2312 plane
1100 2267 1160 2297 est
1187 2271 1551 2311 supervacaneum.
1577 2285 1630 2293 -
1709 2262 1876 2300 Deinde
1914 2263 2001 2301 cod.
2029 2263 2115 2302 Erf.
2155 2266 2360 2302 consentit
2396 2277 2490 2304 cum

314 2316 492 2355 vindob.
505 2316 568 2360 B„
596 2316 641 2351 in
671 2315 816 2363 quibus
847 2327 989 2351 errore
1020 2315 1169 2350 calami
1196 2315 1352 2361 legitur
1380 2314 1604 2349 iudiciis
1632 2327 1707 2362 pro
1734 2316 1952 2359 iudicis,
1982 2318 2092 2363 quod
2119 2325 2231 2352 recte
2259 2319 2490 2359 Vindob.-A.

316 2368 498 2421 {xhibet-
526 2390 578 2399 —
659 2366 768 2404 Tum
798 2373 963 2415 praeter
990 2367 1033 2403 P.
1048 2366 1095 2404 T.
1125 2377 1268 2403 omnes
1297 2365 1386 2402 noti
1417 2365 1589 2410 codices,
1618 2367 1683 2403 cui
1709 2372 1792 2404 tres
1821 2367 2024 2406 accedunt
2051 2368 2274 2413 Vindobb.‚
2313 2368 2487 2409 habent:

317 2422 408 2467 „Et
441 2421 582 2457 facto
621 2420 835 2468 quidem
870 2424 1078 2468 tu-rpe‚“
1108 2431 1232 2467 quam
1261 2420 1504 2467 scripturam
1531 2419 1730 2454 damnans
1759 2421 1941 2456 Orellius
1971 2433 2022 2456 ex
2050 2433 2132 2458 uno
2159 2423 2202 2458 P.
2232 2423 2281 2458 T.
2307 2427 2490 2473 recepit:

316 2473 420 2520 „Ex
455 2473 602 2510 iacto
638 2471 852 2520 quidem
879 2471 1068 2520 turpi.“
1120 2472 1173 2508 At
1200 2482 1299 2507 vero
1330 2482 1456 2518 quum
1484 2471 1779 2519 particularum
1809 2480 1859 2508 et
1887 2473 2098 2522 quidem
2125 2474 2160 2510 is
2186 2474 2409 2523 peculiaris
2437 2477 2491 2513 sit

315 2537 436 2570 usus,
466 2531 515 2562 ut
538 2531 629 2562 tum
654 2530 929 2573 usurpentur,
959 2536 1085 2572 quum
1115 2524 1203 2572 quis
1233 2536 1302 2568 ea,
1334 2535 1437 2571 quae
1466 2523 1720 2561 adversarius
1750 2525 1865 2570 dixit,
1898 2527 2098 2562 concedat
2126 2527 2306 2574 quidem,
2334 2528 2405 2564 sed
2430 2530 2490 2566 ita

316 2584 505 2622 tantum,
543 2583 588 2612 ut
624 2588 670 2612 ea
706 2576 938 2613 accuratius
972 2575 1168 2622 definiat,
1205 2586 1444 2624 novumque
1480 2575 1577 2624 quid
1614 2576 1754 2621 addat,
1801 2584 1841 2613 et
1878 2577 2154 2616 obiectionem.
2189 2579 2411 2618 adversarii
2444 2583 2491 2618 in

385 2701 446 2762 *:)·
489 2700 541 2731 Ex
564 2699 632 2747 hoe
656 2698 937 2746 codices-smirne
961 2698 1188 2747 doctissimus
1211 2698 1368 2740 quinque
1389 2703 1528 2770 tergum
1551 2700 1710 2749 capitum
1731 2701 1849 2733 varias
1872 2701 2069 2743 scripturas
2092 2702 2265 2749 enotavit,
2289 2746 2297 2753 .

423 2741 441 2783 )
491 2740 1416 2824 tsssgssffitsss‘ssffrtssz3²32115¹²2152533322522
1436 2742 2271 2825 ..31111.3;m⁵5.{5}’32¹,i¹:3¹¹¹.5235}·..;;{‡¹‚‡¹u¹1²3„.⁸
2283 2749 2492 2829 {affl-{5⁸2¹}

492 2834 615 2854 omnes
638 2825 746 2855 alieni
770 2834 812 2854 ac
834 2826 1089 2860 mercensi-iifl
1132 2825 1189 2855 Et
1209 2834 1277 2865 pro
1300 2825 1378 2854 sed
1400 2824 1535 2854 habent
1558 2825 1658 2857 codd.
1683 2825 1760 2860 Eos,
1785 2826 1960 2858 Vindobb.
1982 2828 2021 2863 A,
2046 2827 2085 2863 B,
2109 2828 2165 2861 cf.
2190 2829 2309 2865 cicer,
2334 2830 2404 2868 Off,
2426 2832 2477 2862 111

491 2866 532 2904 6,
554 2865 618 2898 82:
641 2865 806 2904 „Nulla
828 2865 931 2897 nobis
954 2866 1108 2897 societas
1130 2875 1210 2897 cum
1231 2864 1404 2908 tyrannis,
1430 2872 1472 2895 et
1494 2866 1613 2907 potius
1636 2876 1772 2898 summa
1794 2867 1979 2900 distractio
2004 2870 2099 2904 est,“
2130 2870 2200 2900 Ubi
2222 2870 2304 2902 vide
2319 2854 2492 2910 Heusinoet

498 2914 531 2938 ε’.
553 2907 675 2943 Beier,
699 2907 779 2943 coll,
804 2907 924 2945 Brem,
956 2908 1004 2939 ad
1023 2908 1130 2944 Corn.
1154 2908 1246 2949 Nep,
1269 2909 1420 2945 Pausan,
1442 2908 1510 2947 ΙΙΙ,
1533 2909 1565 2943 7.
1608 2909 1719 2941 Goer-
1742 2908 1786 2940 ad
1808 2910 1886 2945 Cic,
1908 2912 2020 2954 Legg,
2043 2913 2097 2952 11,
2127 2912 2191 2953 21,
2218 2912 2274 2952 53,
2296 2915 2340 2947 ad
2359 2905 2476 2950 Fim]

499 2950 558 2988 16,
580 2950 634 2984 50.
658 2959 740 2991 pag.
763 2950 817 2985 τι,
861 2951 917 2991 11,
939 2951 980 2991 9,
1002 2952 1057 2988 27.
1080 2960 1163 2992 pag.
1187 2952 1261 2984 161.
1305 2951 1437 2987 Matm.
1462 2950 1507 2982 ad
1527 2952 1634 2985 Rosc.
1657 2954 1735 2988 Am.
1756 2952 1800 2993 4,
1818 2953 1875 2988 ιο,
2480 2939 2490 2956 ²
