2690 3197
259 175 388 258 atque
414 166 669 206 ementitum
696 174 783 202 esse
811 166 1038 212 propterea
1067 161 1266 212 suspicari
1294 172 1379 198 non
1406 159 1528 206 licet,
1558 159 1669 210 quod
1695 159 1978 200 haec-omnia
2002 161 2077 207 iis,
2116 162 2187 212 qui
2213 161 2453 201 iudicabant

262 233 320 261 ιιι
375 219 617 263 adstabant,
654 216 874 254 notissima
913 226 999 251 esse
1039 214 1264 266 debebant,
1310 221 1351 250 et
1392 220 1532 250 orator
1568 213 1691 250 rebus
1724 214 1837 264 falsis
1876 221 1918 251 et
1952 214 2112 252 ficticiis
2147 215 2321 263 prolatis
2356 224 2453 252 suae

257 270 502 316 manuni
529 281 699 308 omnem
727 267 858 306 fidem
884 267 1135 316 derogasset.
1188 268 1281 304 Hoc
1309 273 1449 304 autem
1479 266 1640 303 crimen
1670 266 1720 302 de
1749 267 1960 304 deteriore
1986 267 2080 304 iure
2108 266 2285 303 civitatis
2307 271 2456 317 ‘postea

258 326 451 372 tandem,
479 335 606 374 quum
632 320 743 358 nihil
772 320 914 358 litium
941 326 1103 357 terrore
1132 332 1154 357 a
1175 319 1354 357 Caecina
1383 318 1584 356 abradere
1605 325 1742 368 posset
1760 319 2034 364 adversarius,
2063 330 2151 356 esse
2170 320 2455 367 excogitatum

260 391 314 418 oo
341 389 506 429 quoque
531 375 808 425 perspicitur,
846 373 957 421 quod
985 372 1182 409 Aebutius
1210 372 1332 407 initio
1370 371 1574 407 arbitrum
1610 371 1797 408 familiae
1833 369 2136 409 herciscundae
2162 370 2455 421 postulaverat.

259 425 378 484 Quid
403 429 546 473 enim?
589 439 665 465 cur
694 426 900 464 arbitrum
935 424 1185 474 postulavit,
1222 425 1256 460 si
1292 423 1519 460 Caecinam
1554 422 1756 461 heredem
1793 423 2052 460 Caesenniae
2090 435 2176 460 essa
2210 424 2336 471 plane
2365 433 2455 460 non

241 495 382 534 -posse
408 480 721 519 arbitrabatur?
751 478 903 515 Nonne
932 477 1056 513 homo
1087 477 1194 512 lucri
1223 476 1392 523 cupidus
1421 487 1470 512 ac
1497 482 1684 512 versutus
1713 476 1970 525 statim'post
1997 482 2177 513 mortem
2198 474 2455 514 Caesenniae

259 535 511 578 Caecinam,
539 532 575 569 si
602 530 728 568 modo
755 530 848 567 iure
875 528 969 565 fieri
998 535 1143 576 posset,
1174 527 1223 564 ab
1252 527 1486 564 hereditate
1516 528 1765 573 exclusisset,
1793 534 1840 564 ut
1866 529 1955 576 ipse
1982 528 2028 564 in
2058 540 2150 565 eam
2176 528 2269 565 iure
2296 538 2468 565 accres-v

261 587 387 626 cendi
422 597 522 624 cum
558 583 619 622 M.
653 581 843 621 Fulcinio
880 581 1088 617 irrueret?
1154 580 1215 617 Cf.
1243 580 1410 629 Ulpian.
1445 580 1573 629 Digg.
1602 584 1666 625 37.
1703 580 1766 616 tit.
1798 584 1832 620 1.
1873 580 1899 616 l.
1929 583 1965 623 3.
2020 580 2188 617 Paullus
2223 579 2324 617 ibid.
2361 578 2388 615 1.
2413 581 2456 621 6.

261 646 397 690 Atque
424 644 647 688 praeterea
684 647 739 671 ne
775 633 882 670 illud
912 633 1080 682 quidem
1116 635 1212 669 satis
1249 632 1435 682 intelligi
1461 639 1597 681 potest
1614 660 1625 677 ,
1664 644 1735 669 cur
1762 632 1809 670 L.
1836 632 1929 670 Piso
1957 631 2065 669 hanc
2091 644 2184 670 rem
2211 633 2263 670 ad
2293 642 2459 670 causam

263 704 386 731 suana¹
409 687 704 729 stabiliendam
733 686 1151 730 commemoraverit3
1190 697 1289 723 nam
1318 698 1446 735 quum
1480 686 1527 722 in
1561 684 1652 722 hoc·
1675 685 1832 722 iudicio
1861 686 2175 735 recuperatorio
2203 685 2316 722 nihil
2343 684 2460 722 aliud

263 751 490 796 ageretur,
529 752 654 791 quam
691 747 738 777 ut
766 740 816 776 de
845 740 1067 786 sponsione
1095 738 1205 775 facta
1231 738 1515 776 iudicaretur:
1555 738 1607 774 d'e
1642 738 1735 775 iure
1773 737 2016 775 hereditatis
2052 750 2254 788 quaerere
2289 748 2459 787 prorsus

266 798 453 838 alienum
480 800 594 837 erat,
633 793 832 842 quoniam
861 792 911 827 de
938 790 1016 827 hac
1044 803 1092 826 re
1120 797 1436 840 recuperatores
1463 791 1650 829 iudicare
1678 801 1764 827 non
1794 790 2022 835 debebant,
2060 790 2137 840 (cf.
2166 789 2349 839 §.102.)
2386 789 2461 827 sed

261 852 318 901 de
344 849 420 888 illa
445 853 614 885 tantum
642 844 908 895 quaestione,
948 855 1052 893 quae
1089 843 1176 881 sola
1214 843 1260 880 in
1297 843 1499 882 iudicium
1538 850 1734 880 venerat:
1771 855 1875 881 num
1903 844 2085 882 Caecina
2123 843 2173 881 ab
2201 843 2378 881 Aebutio
2407 853 2463 880 ex

256 903 492 943 interdicto
520 900 728 949 praetoris
754 898 965 934 restitutus
993 903 1123 941 esset,
1162 908 1312 934 necne.
1393 896 1514 934 Nihil
1540 897 1672 946 igitur
1701 896 1813 933 aliud
1842 896 1990 945 agebat
2026 896 2073 934 L.
2102 896 2221 941 Piso,
2263 907 2390 945 quam
2413 901 2463 933 ut

267 954 475 995 Caecinae
511 963 678 989 causam
713 950 970 999 argumentis
1008 949 1366 998 qualibuscunque
1405 956 1530 998 atque
1567 961 1592 986 a
1629 961 1749 986 causa
1788 956 1829 985 et
1867 949 2025 986 iudicio
2062 949 2234 985 remotis
2261 948 2388 997 plane
2414 958 2464 983 ac

268 1007 464 1046 seiunctis
491 1003 739 1041 infirmaret.
2457 1010 2459 1012 ¹

267 1092 271 1095 .
460 1055 681 1101 Tertium,
709 1053 830 1104 quod.
847 1053 1107 1091 adversarius
1135 1053 1257 1091 affert
1285 1061 1608 1103 argumentum,
1639 1052 1721 1090 hoc
1751 1062 1831 1091 est:
1870 1066 1989 1092 usum
2019 1061 2184 1091 tantum
2212 1060 2253 1090 et
2279 1052 2466 1089 fructum

266 1112 391 1150 fundi
416 1114 667 1147 testamento
695 1106 840 1143 mariti
867 1105 1059 1142 habuisse
1088 1107 1388 1151 Caesenniam,
1425 1107 1651 1144 Aebutium
1679 1113 1819 1144 autern
1851 1108 2065 1156 emptione
2094 1106 2316 1143 dominum
2342 1104 2467 1143 fundi

271 1176 359 1203 esse
394 1162 564 1201 factum.
621 1158 683 1198 Cf.
718 1159 753 1207 §.
779 1163 846 1201 20.
928 1158 1050 1195 Nunc
1077 1159 1164 1195 iam
1193 1160 1315 1204 dicit,
1358 1160 1469 1207 quod
1507 1159 1558 1194 ad
1593 1171 1686 1195 rem
1722 1160 1959 1207 pertineat,
1995 1171 2096 1196 nam
2123 1157 2466 1196 si'demonstrari

269 1222 467 1268 poterat,
497 1212 776 1251 Caesenniam
802 1222 889 1248 non
918 1210 1153 1249 dominium
1181 1210 1320 1256 fundi,
1359 1212 1431 1248 sed
1466 1223 1583 1248 usum
1623 1217 1785 1249 tantum
1823 1219 1868 1249 et
1899 1211 2084 1249 fructum
2123 1210 2337 1255 habuisse,
2373 1211 2469 1247 iure

271 1268 445 1308 Aebutii
473 1273 563 1304 erat
589 1264 753 1302 fundus.
835 1265 927 1311 Qua
954 1264 1000 1300 in
1028 1276 1074 1299 re
1103 1276 1230 1312 quum
1259 1263 1384 1300 cardo
1420 1265 1545 1299 totius
1586 1275 1731 1300 causae
1770 1270 1975 1308 vertatur,
2018 1263 2261 1312 diligentius
2299 1263 2346 1299 in
2374 1273 2470 1300 eam

272 1329 334 1361 est
359 1317 679 1369 inquirendum.
728 1316 864 1365 Atque
891 1314 972 1352 hoc
1001 1316 1170 1363 quidem
1200 1315 1292 1353 loco
1321 1316 1528 1365 imprimis
1559 1323 1703 1353 contra
1733 1316 1944 1354 Savinium
1962 1344 1972 1362 ,
2003 1316 2140 1354 virum
2167 1313 2467 1365 perillustrern,

274 1375 346 1425 qui
379 1375 427 1410 in
462 1371 573 1408 libro
606 1368 961 1419 praestantissimo
1002 1368 1053 1404 de
1089 1369 1181 1405 iure
1220 1370 1486 1419 possessionis
1524 1369 1759 1418 conscripto
1792 1369 1990 1405 iniustam
2019 1380 2182 1406 causam
2210 1380 2233 1404 a
2261 1367 2470 1404 Cicerone

274 1438 363 1466 esse
391 1423 604 1465 defensam
633 1420 873 1465 contendit,
902 1420 1200 1468 disputandum
1228 1421 1403 1458 videtur.
1470 1420 1621 1458 Statuit
1648 1427 1789 1459 autem
1819 1421 2009 1458 Savinius
2039 1421 2065 1457 1.
2093 1421 2119 1458 1.
2147 1432 2239 1470 pag.
2268 1423 2358 1462 [162.
2389 1431 2471 1469 seq.

277 1480 376 1518 edit.
405 1477 564 1526 quint„
600 1474 728 1521 siquis
765 1473 989 1509 interdicto
1019 1473 1069 1508 de
1100 1474 1138 1508 vi
1168 1474 1228 1509 uti
1258 1473 1404 1516 vellet,
1444 1484 1493 1509 eo
1522 1480 1737 1519 tempore,
1775 1485 1904 1520 quum
1931 1473 2205 1518 deiiceretur,
2239 1471 2471 1521 possideret

277 1533 367 1568 sive
393 1527 577 1567 civiliter
604 1526 691 1562 sive
718 1523 970 1560 naturaliter
994 1535 1159 1560 necesse
1188 1525 1338 1567 fuisse,
1379 1537 1504 1571 quam
1543 1524 1795 1560 sententiam
1832 1524 2083 1561 testimoniis
2121 1536 2173 1560 ex
2200 1524 2472 1571 Digestorum

275 1582 399 1622 libris
426 1577 685 1628 depromptis
711 1575 881 1612 firmare
910 1576 1068 1618 studet3
1099 1576 1166 1623 (cf.
1194 1577 1395 1624 DigngS.
1423 1576 1485 1611 tit.
1501 1579 1560 1616 16.
1591 1576 1616 1611 l.
1630 1580 1662 1615 1.
1691 1576 1727 1622 ἓ.
1756 1580 1793 1619 9.
1824 1580 1885 1617 10.
1913 1580 1978 1617 23.
2006 1580 2069 1618 [ιι.
2096 1576 2211 1617 tina.
2238 1574 2312 1617 La.
2343 1574 2471 1624 §.28.)

281 1632 538 1673 constituere
575 1640 702 1672 uero,
745 1627 846 1675 quid
884 1626 1100 1663 Ciceronis
1142 1635 1276 1669 aetate
1314 1626 1394 1663 hac
1429 1628 1476 1663 in
1512 1639 1559 1663 re
1594 1627 1696 1664 iuris
1732 1627 1888 1672 fuerit,
1927 1627 2139 1665 difficilius
2179 1627 2349 1676 quidem
2386 1638 2472 1664 esse

283 1685 501 1728 concedit,
520 1679 789 1733 *praesertim
818 1690 946 1727 quum
975 1684 1116 1715 orator
1155 1679 1231 1727 (ef.
1262 1679 1298 1726 ς.
1327 1681 1514 1731 90,·9ἰι.)
1550 1679 1823 1718 interdictum
1858 1680 1909 1716 de
1947 1681 1990 1717 vi
2027 1686 2211 1717 aramata
2241 1680 2281 1716 ei
2309 1689 2475 1729 quoque

283 1734 576 1787 competivisse
602 1730 806 1776 affirmet,
844 1732 916 1780 qui
943 1743 1030 1767 non
1058 1732 1311 1778 possederit,
1350 1744 1478 1781 quum
1508 1732 1781 1777 deiiceretur3
1820 1732 1891 1770 sed
1918 1739 2061 1771 tamen
2089 1739 2227 1782 spreto
2256 1732 2476 1770 Ciceronis

280 1800 498 1840 tamquam
527 1784 682 1823 versuti
709 1783 897 1821 advocati
925 1784 1164 1820 testimonio
1194 1785 1239 1819 in
1270 1796 1363 1820 eam
1391 1786 1638 1820 sententiam
1669 1784 1877 1829 defertur,
1914 1792 1959 1822 ut
1988 1785 2068 1821 hoc
2096 1796 2259 1834 quoque
2286 1790 2478 1832 tempore

283 1840 547 1894 possessione
585 1847 687 1886 opus
723 1835 849 1872 fuisse
898 1836 1132 1879 existimet,
1181 1835 1215 1871 si
1261 1837 1348 1885 quis
1392 1835 1468 1873 illo
1515 1836 1737 1873 interdicto
1784 1837 1968 1886 experiri
2011 1836 2152 1874 vellet.
2245 1835 2478 1874 Possedisse

288 1896 405 1935 enim
431 1890 658 1930 Caecinam
676 1888 831 1926 iccirco
859 1895 984 1936 negat
1003 1889 1207 1932 Savinius,
1237 1889 1346 1936 quod
1365 1889 1516 1926 Cicero
1537 1902 1627 1925 eam
1648 1891 1948 1937 quaestionem,
1976 1890 2263 1939 possederitne
2283 1888 2477 1933 Caecina,-

282 1958 444 1991 necne,
473 1954 577 1993 quae
606 1941 796 1977 omnium
826 1950 914 1976 esse
942 1939 1119 1977 debebat
1147 1941 1403 1989 gravissima,
1431 1940 1579 1978 ultimo
1608 1941 1698 1978 loco
1727 1942 2005 1990 proposuerit,
2036 1948 2077 1978 et
2101 1940 2287 1978 breviter
2314 1947 2479 1980 tantum
2502 1946 2510 1951 ⁴

285 2013 335 2039 ac
361 1997 479 2048 quasi
505 1993 767 2043 praeteriens
799 1993 1215 2036 commemoraverit3
1245 1991 1324 2028 hoc
1350 2000 1492 2037 autem
1520 1994 1613 2029 ideo
1644 2005 1729 2029 esse
1758 1993 1932 2039 factum,
1969 2001 2016 2031 ut
2045 1994 2332 2043 quaestionem
2359 1993 2479 2030 illam

285 2051 444 2091 nullius
462 2047 553 2085 fere
574 2056 662 2082 esse
679 2045 884 2083 momenti
905 2050 945 2081 et
964 2056 987 2081 a
1006 2056 1125 2082 causa
1146 2044 1326 2082 alienam
1344 2045 1611 2094 significaret,
1643 2053 1884 2097 mentesque
1905 2047 2096 2084 iudicum
2115 2041 2235 2083 ab⁸ea
2256 2052 2478 2083 averteret.

286 2109 342 2145 At
368 2114 469 2140 vero
497 2098 580 2136 hac
606 2099 652 2135 in
679 2110 727 2135 re
755 2097 977 2145 dupliciter
1008 2107 1164 2134 errasse
1193 2097 1299 2135 mihi
1330 2099 1492 2135 videtur
1523 2099 1584 2134 vir
1613 2099 1713 2134 iuris
1745 2100 2040 2146 peritissimus3
2069 2110 2169 2136 nam
2198 2098 2307 2149 quod
2331 2098 2480 2137 Cicero

284 2158 397 2198 hanc
425 2151 712 2205 quaestionem
739 2150 784 2187 in
813 2150 895 2187 fine
916 2150 1115 2187 orationis
1135 2151 1327 2196 instituit,
1357 2151 1542 2188 consulto
1563 2151 1672 2187 fecit.
1726 2153 1894 2189 Etenim
1915 2152 1995 2189 hoc
2016 2154 2151 2200 ipsum
2169 2159 2479 2199 argumentum,

287 2208 519 2261 possedisse
546 2204 795 2246 Caecinam,
825 2215 904 2250 quo
934 2214 989 2238 ne
1019 2214 1119 2250 opus
1150 2203 1317 2250 quidem
1348 2214 1434 2238 esse
1463 2203 1653 2250 putabat,
1691 2210 1833 2240 tamen
1860 2204 2066 2241 iudicibus
2095 2203 2147 2240 ad
2176 2215 2339 2242 causam
2367 2215 2483 2241 suam

289 2261 449 2302 firmius
478 2255 771 2309 stabiliendam
797 2256 845 2291 in
873 2255 954 2292 fine
983 2255 1182 2292 orationis
1213 2255 1348 2293 denuo
1377 2255 1592 2292 inculcare
1622 2256 1752 2292 voluit
1779 2259 1841 2301 Ιοῑ);
1880 2259 2077 2305 tetigerat
2107 2258 2219 2293 eni-m
2248 2257 2332 2293 iam
2361 2268 2484 2305 supra

292 2315 356 2366 (S.
386 2309 552 2356 16.17.)
582 2309 761 2346 eandem
779 2319 883 2349 rem,
913 2307 984 2343 ubi
1014 2308 1210 2344 mandatu
1242 2309 1500 2344 Caesenniae
1527 2307 1700 2345 fundum
1733 2309 1782 2345 ab
1811 2309 1987 2348 Aebutio
2018 2321 2103 2346 esse
2133 2316 2321 2359 emptum
2349 2316 2483 2346 osten-

293 2368 425 2407 derat.
480 2363 620 2412 Quum
650 2373 748 2398 vero
778 2360 889 2409 quod
916 2360 1114 2398 mandatu
1142 2360 1317 2398 alicuius
1347 2360 1588 2402 e‘mebatur,
1629 2362 1863 2397 mandantis
1894 2370 2021 2405 esset,
2058 2362 2332 2398 Caesenniam
2362 2369 2484 2409 atque

293 2422 384 2458 eius
419 2416 622 2453 heredem
658 2414 885 2450 Caecinam
921 2412 1013 2448 iure
1047 2413 1256 2460 possidere
1295 2420 1385 2449 erat
1421 2413 1696 2461 perspicuum.
1750 2414 1916 2451 Deinde
1955 2426 2052 2451 vero
2088 2413 2167 2451 hoc
2202 2415 2245 2451 in
2285 2414 2485 2452 iudicium

295 2472 425 2522 plane
452 2478 540 2505 non
559 2472 752 2511 venerat,
783 2463 1083 2514 possedissetne
1105 2465 1286 2515 Caecina
1314 2477 1469 2508 necne3
1500 2465 1630 2503 multo
1655 2468 1780 2504 etiam
1801 2468 1935 2505 minus
1957 2467 2246 2516 quaerebatur,
2280 2467 2486 2503 Caecinae

293 2524 447 2563 fundus
475 2525 582 2557 esset
608 2531 764 2561 necne3
792 2518 990 2566 (§.1ol⁸.)
1020 2517 1113 2561 se‘d,
1142 2518 1184 2554 id
1214 2519 1324 2567 quod
1351 2518 1582 2554 identidem
1613 2519 1712 2555 dicit
1741 2520 1906 2566 Cicero,
1937 2520 2152 2568 (§.23.27.
2175 2523 2236 2561 qa.
2262 2523 2347 2559 102.
2370 2523 2442 2561 10²4
2467 2522 2485 2567 )

297 2578 350 2614 de
379 2572 600 2623 sponsione
627 2571 715 2607 sola
743 2578 832 2607 erat
859 2570 1152 2614 iudicandum,
1193 2583 1297 2619 quae
1334 2571 1381 2606 in
1411 2569 1514 2605 haec
1544 2571 1666 2606 verba
1698 2578 1787 2608 erat
1821 2572 1951 2608 facta:
2011 2571 2322 2619 Spondesne
2360 2572 2409 2607 N.
2435 2573 2486 2608 N.

298 2636 541 2665 nummos
576 2624 722 2664 dare,
751 2623 805 2658 ni
835 2634 895 2658 ex
923 2622 1144 2658 decreto
1175 2623 1446 2670 praetoris
1475 2623 1807 2664 restituisti?
1835 2624 1962 2661 *Nam
1992 2623 2097 2659 hanc
2126 2623 2339 2659 interdicti
2369 2623 2419 2660 de
2448 2624 2489 2662 vi

300 2685 463 2724 armata
490 2676 577 2714 vim
611 2674 737 2713 fuisse
765 2673 996 2721 contendo,
1032 2681 1078 2712 ut
1105 2674 1160 2719 is,
1200 2674 1273 2724 qui
1310 2674 1523 2711 deiecisset
1559 2675 1741 2714 alterum
1780 2677 1817 2713 vi
1846 2678 2016 2714 armatis
2044 2675 2304 2721 hominibus,
2343 2677 2426 2714 sive
2454 2679 2488 2714 is

307 2765 804 2781 W

390 2812 429 2861 ιι)
480 2808 635 2853 Quintil,
664 2808 769 2845 Instt,
799 2807 920 2844 Oratt,
949 2808 1033 2849 vn,
1066 2807 1108 2856 5,
1141 2807 1189 2856 3,.
1220 2807 1407 2856 „Quoties
1437 2814 1561 2841 tamen
1590 2809 1809 2852 poterimus,
1843 2809 2069 2843 efficiendum
2091 2816 2166 2851 est,
2198 2816 2237 2841 ut
2258 2810 2361 2842 iudex
2383 2812 2426 2844 de
2450 2824 2490 2844 re

479 2848 625 2893 quoque
653 2849 746 2880 bene
777 2850 931 2889 sentiat;
964 2850 1016 2882 sic
1047 2860 1146 2882 emm
1176 2858 1250 2881 iura
1278 2855 1404 2882 nostro
1433 2851 1605 2884 libentius
1634 2851 1859 2895 indulgebit3
1889 2858 1929 2884 nt
1959 2853 1996 2884 in
2027 2853 2301 2897 sponsionibus,
2337 2865 2427 2896 qnae
2452 2866 2491 2886 ex

483 2891 690 2925 interdictis
721 2891 829 2940 siluit,
866 2893 977 2924 etiam
1008 2891 1039 2924 si
1069 2903 1137 2939 non
1169 2892 1409 2935 proprietatis
1443 2899 1498 2925 est
1528 2896 1712 2935 quaestio,
1744 2894 1807 2926 sed
1827 2900 1966 2925 tantum
1987 2894 2247 2938 possessionis;
2279 2900 2399 2927 tamen
2421 2908 2491 2931 non

453 2942 459 2945 ·
481 2935 600 2967 solum
622 2933 830 2976 possedisse
851 2944 941 2974 nos,
965 2933 1028 2970 ud
1050 2939 1162 2967 etiam
1182 2941 1347 2967 nostrum
1368 2934 1576 2977 possedisse
1600 2936 1731 2969 docere
1754 2936 1980 2979 oportebit,“
