2690 3197
493 644 1039 718 Quaestionum
1111 642 1640 720 Tullianarum
1710 639 2114 711 specimen..

216 905 419 988 Constat
449 951 561 988 inter
598 961 742 988 omnes
780 955 904 999 atque
943 953 1004 987 est
1041 946 1302 998 exploratum
1339 958 1533 997 magnam
1571 953 1735 996 partem
1764 946 2005 983 orationum
2035 943 2330 990 Tullianam
2354 942 2405 998 in

216 1014 363 1039 eorum
391 1014 476 1040 esse
503 1013 681 1041 numero
711 1002 968 1051 antiquitatis
997 1008 1389 1046 monumentorum,
1421 1013 1525 1050 quae
1553 1011 1633 1038 nec
1656 999 1927 1047 >superiorum
1954 995 2218 1035 saeculorum
2243 1007 2406 1048 summa

217 1053 452 1100 assiduitas,
489 1066 567 1092 nec
593 1055 727 1093 nostri
755 1055 848 1092 aevi
875 1053 1068 1091 subtilior
1096 1053 1289 1091 doctrina
1316 1060 1386 1092 aut
1415 1050 1676 1091 emendando
1716 1057 1758 1088 et
1784 1047 2061 1100 perpoliendo
2097 1049 2145 1097 in
2180 1048 2406 1103 pristinum

216 1105 484 1155 splendorem
510 1106 710 1152 restituit,
734 1113 805 1144 aut
820 1106 1136 1156 interpretando
1165 1112 1208 1143 et
1227 1105 1487 1155 explanando
1518 1116 1569 1148 ,ex
1590 1103 1790 1149 tenebris,
1819 1102 1965 1153 quibus
1995 1101 2111 1151 quasi
2139 1099 2405 1155 qflfusasqgt,

216 1158 262 1194 in
289 1158 430 1195 lucem
459 1159 660 1196 evocavit.
715 1161 850 1209 Atque
877 1159 990 1195 inter
1016 1156 1091 1195 has
1112 1158 1281 1208 quidem
1299 1153 1507 1196 orationes
1529 1168 1576 1194 ea
1596 1167 1722 1205 quam
1738 1155 1925 1196 maxime
1942 1149 2207 1206 numeranda
2224 1151 2404 1201 videtur,

218 1222 324 1259 quae
350 1222 426 1260 pro
455 1213 502 1249 A.
531 1212 713 1251 Caecina
741 1219 803 1250 est
828 1210 994 1256 habita,
1034 1211 1187 1260 quippe
1216 1223 1320 1260 quae
1347 1212 1393 1247 in
1422 1208 1545 1247 causa
1581 1215 1768 1247 versetur
1793 1207 1980 1258 privata,
2015 1212 2266 1260 aquatam
2287 1206 2407 1248 tenui

219 1270 261 1299 et
286 1263 418 1312 inopi,
445 1270 493 1301 ut
518 1264 752 1313 legentium
779 1264 940 1302 animos
967 1274 1048 1300 nec
1074 1260 1218 1301 causae
1246 1265 1450 1312 gravitate
1478 1262 1650 1305 alliciat,
1676 1272 1757 1299 nec
1775 1260 1960 1300 iucunda
1980 1259 2192 1311 voluptate
2205 1253 2403 1300 oblectet.

220 1316 328 1353 Tota
367 1316 481 1366 enim
518 1329 659 1363 causa,
698 1321 770 1367 (ut
806 1316 957 1354 Cicero
992 1315 1082 1366 ipse
1118 1323 1262 1353 narrat
1300 1317 1413 1353 Orat.
1451 1319 1526 1361 29,
1568 1314 1683 1361 102.)
1722 1314 1775 1350 de
1801 1313 1940 1351 verbis
1976 1312 2193 1352 interdicti
2219 1319 2305 1365 ast,
2338 1323 2405 1351 res

217 1368 432 1405 involutae
460 1368 698 1406 definiendo
729 1369 1012 1418 explicantur,
1046 1369 1111 1406 ius
1140 1367 1263 1405 civile
1290 1368 1505 1409 laudatur.
1548 1366 1669 1404 verba
1696 1366 1894 1415 ambigua
1929 1365 2260 1417 distinguuntur&
2282 1376 2405 1416 -qnac

220 1431 342 1457 causa
378 1426 488 1465 erat,
525 1426 572 1458 ut
607 1420 788 1471 antiquis
824 1421 911 1458 iam
946 1419 1206 1469 temporibus
1242 1420 1429 1458 taedium
1465 1425 1655 1456 moveret
1689 1417 1927 1467 legentibus
1960 1414 2217 1457 immensum
2242 1414 2405 1460 honde

218 1471 403 1511 formula
430 1473 639 1510 volumen.
715 1473 779 1511 Cf.
809 1473 942 1510 Tacit.
972 1472 1124 1522 dialog.
1155 1472 1206 1509 de
1238 1473 1365 1509 causis
1395 1479 1573 1520 corrupt.
1602 1471 1811 1520 eloquent.
1840 1482 1930 1520 cap.
1959 1474 2024 1522 20.v
2062 1501 2064 1503 .
2102 1470 2252 1521 Neque
2275 1470 2408 1521 igitur

220 1525 377 1562 mirum
404 1525 537 1562 videri
565 1530 712 1574 potest,
741 1525 776 1560 si
801 1524 1105 1561 recentioribus
1133 1537 1296 1573 quoque
1323 1524 1582 1573 temporibus
1610 1523 1715 1561 haec
1743 1523 1928 1574 oration
1957 1522 2193 1573 philologis·
2213 1523 2410 1573 neglecta

222 1582 283 1614 est
309 1576 434 1627 plane
452 1583 493 1613 et
512 1575 683 1623 abiecta,
712 1587 962 1626 quamquam
980 1576 1197 1625 permultis
1213 1576 1315 1611 locis
1335 1576 1528 1626 diligenti
1546 1588 1674 1613 manu
1692 1569 1979 1626 emendati-icc
1999 1571 2177 1624 indiget,
2207 1568 2408 1627 quo-nim

221 1628 291 1666 hie
327 1628 419 1666 illic
452 1630 513 1667 ita
551 1636 611 1665 est
646 1635 847 1677 corrupta
881 1640 931 1665 ac
965 1627 1098 1665 foedis
1134 1627 1305 1666 maculis
1332 1629 1571 1677 inquinata,
1610 1634 1654 1664 ut
1681 1638 1735 1663 ne
1763 1627 1986 1665 novissima
2016 1629 2262 1676 quidempc
2286 1640 2408 1677 prac-

221 1681 472 1718 stantissima
500 1681 628 1718 editio
656 1681 873 1718 Orelliana
901 1691 996 1718 eam
1024 1681 1119 1717 satis
1147 1687 1444 1729 perpurgatam
1472 1678 1677 1717 exhibeat.
1733 1678 1815 1717 Sed
1831 1690 1959 1728 quum
1979 1680 2127 1721 iamin
2147 1679 2409 1729 emendanda

222 1734 412 1771 oratione
440 1733 624 1771 multum
652 1733 705 1769 sit
731 1732 886 1770 laboris
914 1745 961 1769 ac
989 1731 1269 1777 difficultatis,
1297 1739 1389 1770 tum
1415 1744 1504 1770 non
1530 1732 1667 1770 minus
1694 1730 1857 1781 negotii
1885 1737 1947 1768 est
1971 1732 2019 1769 in
2046 1732 2148 1771 iuris
2176 1733 2408 1780 rationibus

223 1785 481 1835 explicandis
508 1788 715 1835 totiusque
744 1797 890 1823 causae
917 1791 1025 1823 statu
1053 1785 1324 1835 exponend03
1353 1797 1433 1836 quo
1459 1785 1621 1823 factum
1648 1790 1723 1830 est,
1751 1791 1799 1822 ut
1823 1791 1968 1822 nostra
1983 1785 2190 1824 memoria
2216 1796 2303 1825 non
2319 1793 2409 1825 tam

221 1837 533 1887 philologorum
562 1850 687 1886 quam
713 1838 816 1875 iuris
846 1837 1131 1875 consultorum
1160 1838 1295 1887 potius
1323 1838 1528 1876 industria
1555 1836 1737 1876 multum
1772 1836 1830 1874 ad,
1860 1835 1970 1875 hanc
2006 1839 2240 1877 orationem
2277 1838 2408 1887 expli-

224 1890 398 1926 candam
426 1889 673 1933 contulerit,
714 1889 1051 1938 quandoquidem
1089 1890 1141 1925 ad
1171 1903 1317 1927 causae
1345 1890 1555 1926 rationem
1587 1890 1714 1940 plane
1749 1888 2085 1940 perspiciendam
2120 1901 2209 1927 non
2248 1890 2408 1941 vulgari

223 1954 325 1992 opus
356 1949 417 1979 est
443 1942 709 1979 iuris-civilis
737 1942 917 1979 Romani
945 1943 1140 1986 scientia,
1169 1955 1248 1992 qua
1276 1943 1399 1981 multi
1426 1942 1740 1992 pliilologorum
1778 1948 1819 1980 et
1845 1948 1969 1981 antea
2002 1942 2174 1986 fuerunt
2198 1949 2244 1989 et
2270 1942 2408 1982 adhuc

223 2000 317 2032 sunt
344 1993 540 2031 destituti.
567 2014 624 2023 —
675 1995 791 2044 Quae
821 2006 948 2044 quum
973 1995 1031 2032 ita
1059 1994 1164 2039 sint,
1194 1996 1279 2033 iam
1307 2009 1383 2045 per
1411 1995 1580 2044 aliquod
1600 2004 1775 2044 tempus,
1805 2001 2007 2044 quantum
2026 1994 2079 2034 ad
2095 1990 2255 2044 privata
2270 1994 2409 2035 studio

223 2052 410 2096 superest
444 2046 542 2091 otii,
578 2046 625 2082 in
658 2047 709 2083 iis
745 2047 868 2084 rebus
905 2048 1238 2096 perscrutandis,
1282 2061 1387 2097 quae
1425 2048 1478 2084 ad
1515 2048 1625 2085 hanc
1661 2049 1898 2086 orationem
1933 2055 1974 2085 et
2010 2049 2318 2095 emendandam
2362 2058 2407 2088 et

224 2099 517 2149 explicandam
553 2105 761 2149 spectant,
800 2101 1056 2150 consumpsi,
1100 2112 1297 2149 eamque,
1335 2094 1464 2137 sicubi
1493 2102 1636 2138 omnia
1663 2108 1807 2150 parata
1835 2108 1877 2141 ot
1906 2101 2200 2151 explorataque
2227 2101 2405 2149 habebo,

224 2152 538 2189 commentariis
566 2159 658 2189 tum
687 2153 841 2188 criticis
868 2160 958 2189 tum
987 2153 1208 2199 exegeticis
1239 2160 1492 2189 exstructam
1521 2154 1645 2189 edere
1674 2154 1784 2201 apud
1811 2154 2000 2191 animum
2029 2155 2239 2191 constitui.
2321 2156 2406 2193 Sed

224 2215 354 2254 quum
379 2204 542 2240 interea
567 2201 671 2241 haec
697 2202 805 2242 mihi
832 2204 884 2240 sit
910 2204 1047 2242 oblata
1075 2204 1281 2241 scribendi
1310 2205 1620 2254 opportunitas,
1649 2204 1854 2242 nonnulla
1884 2217 1935 2242 ex
1961 2205 2026 2250 iis,
2055 2218 2161 2256 quae
2186 2208 2231 2243 in
2259 2206 2405 2247 adver·

225 2257 344 2293 sariis
382 2256 612 2303 conscripta
647 2256 805 2301 habeo,
860 2257 1127 2305 depromam,
1174 2264 1295 2305 atque
1341 2258 1556 2293 doctorum
1603 2264 1642 2292 ct
1689 2257 1838 2293 harum
1888 2268 2033 2294 rerum
2072 2258 2404 2307 intelligentium

225 2308 556 2345 existimaturum
582 2308 738 2346 iudicio
768 2309 998 2353 subiiciam.
1052 2311 1111 2347 Ac
1138 2310 1319 2357 primum
1350 2307 1520 2358 quidem'
1548 2310 1596 2346 de
1626 2315 1712 2347 tota
1740 2310 1786 2347 A.
1814 2308 2018 2347 Caecinae
2046 2322 2186 2356 causa,
2215 2313 2323 2350 iusta
2348 2322 2406 2352 an

225 2359 376 2397 iniusta
404 2360 555 2403 fuerit,
594 2361 832 2408 disputabo,
862 2362 1013 2398 deinde
1042 2362 1219 2398 de‘locis
1248 2361 1459 2398 nonnullis
1490 2362 1761 2398 emendandis
1790 2362 2000 2399 disseram.

412 2412 550 2460 Quum
588 2412 634 2447 in
671 2413 782 2458 aliis,
824 2425 921 2463 quas
957 2414 1106 2452 Cicero
1148 2414 1254 2463 egit,
1296 2414 1424 2451 causis
1464 2414 1695 2451 diiudicare
1731 2413 1785 2450 sit
1821 2410 2144 2460 difficillimum,
2182 2415 2312 2454 iustae
2349 2428 2404 2455 au

224 2465 401 2501 iniustae
430 2475 573 2500 causae
601 2473 801 2511 patronus
832 2466 1057 2511 exstiterit,
1085 2474 1177 2503 tum
1204 2468 1250 2502 in
1278 2466 1368 2510 hac,
1398 2479 1521 2514 quam
1538 2468 1582 2502 in
1602 2468 1646 2503 A.
1666 2466 1867 2503 Caecinae
1887 2478 2006 2504 causa
2023 2467 2184 2513 habuit,
2213 2470 2407 2508 oratioue

224 2524 313 2554 tam
340 2516 454 2566 paria
482 2515 570 2551 fere
597 2516 642 2551 in
669 2523 845 2565 utraque
873 2524 992 2566 parte
1018 2519 1231 2555 rationum
1254 2525 1347 2556 sunt
1365 2525 1591 2562 momenta,
1620 2525 1666 2555 ut
1684 2517 1851 2555 lectoris
1871 2519 2077 2557 sententia
2098 2531 2178 2569 quo
2198 2520 2407 2561 inclinare

227 2569 397 2613 debeat,
433 2568 605 2604 dubium
641 2576 682 2604 et
717 2569 930 2607 incertum
967 2571 1100 2607 videri
1136 2571 1284 2620 possit3
1328 2578 1441 2607 tanta
1481 2579 1540 2607 est
1578 2572 1693 2607 enim
1732 2571 1947 2608 Ciceronis
1982 2572 2028 2608 in
2065 2572 2195 2610 cau-“1⁶
2231 2574 2405 2623 agendis

226 2620 431 2666 sollertia,
469 2627 584 2657 tanta
620 2621 665 2656 in
701 2621 823 2658 rebus
861 2623 1085 2671 probandis
1114 2631 1183 2661 aut
1212 2623 1493 2672 improbandis
1521 2624 1723 2667 versutia,
1762 2630 1875 2661 tanta
1900 2623 1948 2661 in
1973 2623 2116 2663 favore
2142 2623 2406 2666 audientium

227 2680 297 2709 aut
324 2673 553 2722 legentium
586 2673 848 2711 conciliando
878 2675 1104 2721 calliditas,
1142 2683 1188 2712 ut
1217 2678 1403 2714 animum
1435 2677 1501 2713 vix
1532 2675 1746 2721 cohibeas,
1790 2689 1871 2725 quo
1898 2677 2037 2715 minus
2065 2679 2326 2727 argumentis
2353 2691 2404 2719 ιο

227 2725 633 2770 ratiocinationibus,
675 2727 818 2775 quibus
854 2729 1011 2772 utitur,
1054 2730 1358 2766 assentiendum
1397 2736 1523 2779 putes.
1578 2730 1671 2766 Huc
1708 2729 1889 2774 accedit,
1929 2730 2038 2779 quod
2074 2730 2211 2768 dat..
2247 2732 2403 2770 Phanis

230 2776 472 2813 defensione
500 2785 668 2824 praeter
699 2792 767 2823 ea,
808 2792 910 2828 quae
949 2793 999 2817 ex
1037 2781 1125 2830 ipsa
1155 2781 1369 2819 Ciceronis
1409 2784 1597 2819 oratione
1636 2783 1939 2829 cognoscimus,
1975 2781 2088 2820 nihil
2124 2782 2248 2833 plane
2282 2784 2404 2824 nobis

228 2831 449 2871 innotuits
469 2829 529 2863 ita
556 2836 602 2864 ut
629 2832 880 2876 nesciamus,
917 2840 1059 2870 utrum
1088 2833 1236 2870 Cicero
1274 2847 1439 2880 omnes,
1481 2846 1577 2882 quas
1614 2835 1868 2871 adversarius
1904 2834 1958 2871 ad
1993 2847 2159 2873 cautam
2192 2835 2431 2876 Cnocim'

228 2880 544 2927 improbandam
582 2883 777 2919 attulerat
811 2885 1017 2928 rationes,
1053 2885 1317 2929 refutaverit,
1357 2899 1407 2923 an
1448 2899 1513 2922 eas
1552 2894 1736 2932 tantum,
1779 2900 1884 2936 quae
1918 2887 2083 2925 facilius
2119 2887 2319 2938 redargui
2353 2902 2403 2928 ac

229 2931 523 2992 refelli-posse
563 2932 825 2980 viderentur,
863 2937 1099 2985 protulerit.
1180 2937 1439 2987 Magnopere
1476 2945 1535 2974 est
1572 2939 1687 2976 enim
1724 2939 1976 2984 dolendum,
2015 2939 2124 2989 quod
2158 2939 2278 2977 uobis
2313 2952 2421 2984 non,

232 2990 429 3030 contigit,
458 2990 504 3021 ut
531 2985 738 3022 orationes
768 2999 937 3035 eorum,
967 2989 1037 3037 qui
1064 2990 1109 3026 in
1135 2990 1217 3026 reis
1245 2990 1312 3026 vel
1340 2991 1578 3027 accusandis
1607 2991 1673 3028 vel
1701 2991 1972 3029 defendendis
1993 2992 2205 3029 ciceronis
2232 2992 2404 3031 fuerunt

2232 3136 2242 3146 e
2325 3153 2330 3156 ἰ
2584 3127 2590 3133 ⁰
2622 3148 2626 3155 1,
2636 3153 2639 3156 ·
2648 3147 2651 3150 .

2372 3162 2375 3167 .
2473 3161 2476 3163 Α
2595 3167 2604 3172 ,Α
2617 3115 2690 3197 „a

2245 3145 2492 3197 ,Affissffl-Q-v‘
2496 3179 2555 3197 ‚ur
2590 3173 2599 3181 ¹
2616 3171 2626 3175 '⁷
