2690 3197
1271 63 1307 109 6
1330 72 1337 95 ι

196 214 450 261 Caesennia,
487 221 533 253 ut
568 208 651 254 sibi
680 213 828 259 illum,
868 213 919 251 de
950 223 1030 263 quo
1059 212 1224 262 agitur,
1259 211 1437 249 fundum
1473 215 1655 256 emeret,
1695 210 1937 255 mandarat,
1975 209 2071 261 quia
2099 210 2229 253 aot-tt
2252 211 2405 256 hub·

194 275 285 308 erat
313 267 546 314 finitimus,
585 271 708 317 eique
745 279 798 304 ex
834 268 1060 315 partitione
1100 264 1345 302 hereditatis
1373 277 1524 313 magna
1551 265 1755 313 pecuniae
1784 276 1877 313 pars
1906 264 2148 302 debebatur.
2230 267 2389 308 Veru-

191 319 319 360 homo
347 320 521 359 callidus
548 319 732 365 tabulas,
767 320 814 356 in
843 318 990 369 quibus
1017 318 1240 368 pecuniam
1268 317 1507 366 argentario
1536 316 1779 355 solvendam
1808 329 1831 354 a
1859 316 2092 355 Caesennia
2120 328 2208 356 ease
2242 329 2389 360 Ι..-

190 363 327 411 ’ῐιὶιω
355 381 446 411 erat
472 372 773 421 perscriptum,
803 378 1033 415 averterat,
1063 383 1132 414 ne,
1161 371 1194 405 si
1222 371 1526 418 proferrentur,
1556 371 1644 417 ipse
1674 381 1795 405 causa
1824 371 2000 406 caderet.
2050 371 2165 408 Nam
2191 370 2274 408 hoc
2298 383 2390 409 ..ο

193 423 340 465 fictum
375 437 399 463 a
428 423 633 464 Cicerone
671 436 720 463 ac
747 423 989 463 simulatum
1019 422 1085 460 vix
1114 421 1318 467 arbitror,
1358 422 1557 472 quoniam
1584 421 1645 460 ita
1671 420 1880 472 loquitur,
1917 428 2131 473 tamquam
2165 433 2216 462 ea
2253 422 2307 462 de
2339 430 2415 463 ro·

190 476 310 515 nulla
336 477 390 513 sit
416 478 718 521 controversia3
746 490 884 524 neque
911 484 998 512 tam
1026 476 1223 511 audacter
1254 475 1507 510 Ciceronem
1537 486 1624 509 esse
1653 476 1895 517 mentitum,
1924 483 1971 510 ut
1988 487 2054 511 res
2074 487 2244 523 prorsus
2266 476 2391 515 hle-

194 535 237 567 et
268 527 443 566 ficticia·
477 535 695 575 narraret,
734 527 937 566 credibile
976 534 1059 572 est,
1099 527 1323 576 quoniam,
1360 527 1406 563 in
1445 526 1681 564 calumniae
1720 526 1881 563 crimen
1917 537 1972 563 ne
1999 526 2261 575 incurreret,
2297 534 2392 569 ent

190 581 478 618 metuendum.
558 582 761 617 Aebutius
799 593 899 616 vero
936 580 1090 616 tabulis
1123 580 1210 614 illis
1247 580 1399 614 aversis
1439 579 1562 614 facile
1601 590 1643 613 se
1679 591 1771 614 rem
1809 591 1859 614 eo
1889 589 1975 614 esse
2003 580 2307 626 deducturum,
2343 587 2393 618 ut

186 631 339 672 fundus
368 631 450 675 nihi
478 630 777 679 addiceretur,
808 631 999 683 sperabat
1016 660 1028 678 ,
1057 630 1394 681 quandoquidem
1422 642 1508 669 non
1536 631 1570 669 is
1597 630 1719 669 fundi
1747 638 1911 681 emptor
1940 631 2278 680 existimabatur,
2315 632 2392 683 qui

188 686 414 735 pecuniam
450 684 654 730 solverat,
692 686 764 721 aed
794 686 851 729 is,
893 687 1006 722 cuius
1033 685 1206 720 nomine
1238 691 1399 731 emptus
1429 691 1520 720 erat
1556 684 1737 727 fundus,
1765 684 1971 731 siquidem
2001 685 2041 720 ei
2070 692 2178 721 esset
2199 685 2390 723 traditu.

188 736 252 776 Cf.
271 736 439 776 Paullus
459 737 589 776 Sentt.
613 738 848 787 receptt.II.
875 737 928 774 tit
955 742 1016 783 ¹7·
1044 736 1145 780 1.15.
1188 735 1374 774 Tabulae
1402 743 1542 774 autern
1569 736 1921 786 argentariorum,
1948 737 2030 774 nisi
2058 735 2143 775 alia
2170 736 2223 775 ad
2251 744 2389 777 aaut

187 790 382 839 graviora
409 802 458 826 ac
482 790 671 827 firmiora
698 791 960 833 testimonia,
990 796 1106 826 ratae
1133 788 1417 833 habebantur,
1445 790 1506 825 ita
1534 796 1580 825 ut
1605 789 1655 834 is,
1686 790 1758 837 qui
1786 796 1952 838 emptor
1977 789 2099 826 fundi
2124 790 2172 826 in
2199 791 2252 826 iia
2279 796 2389 827 esset

188 841 387 892 scriptus,
414 841 536 879 fundi
565 842 756 880 dominus
783 840 1025 880 haberetur.

373 894 585 939 Alterum,
614 895 661 932 in
690 906 770 943 quo
799 894 999 932 Aebutius
1026 893 1188 938 nititur,
1218 900 1528 942 argumentum,
1556 893 1601 929 in
1631 904 1680 929 eo
1710 899 1921 938 versatur,
1953 893 2062 942 quod
2087 894 2132 930 A.
2155 893 2385 933 Caecinam

186 952 359 998 propter
387 946 705 986 incommodum
734 947 1103 985 Volaterranorum
1141 946 1501 996 calamitatemque
1545 946 1713 984 civilem
1757 946 1968 983 deteriore
2003 946 2095 984 iure
2140 959 2226 985 esse
2265 945 2382 992 elicit,

187 1010 314 1050 quam
349 999 535 1047 reliquos
564 1000 685 1037 cives.
729 999 792 1036 Cf.
823 1000 858 1047 S.
891 1003 950 1040 28.
1031 999 1146 1036 Sulla
1174 999 1313 1043 enim,
1350 1006 1396 1035 ut
1418 999 1523 1036 aliis
1563 998 1710 1035 Italiae
1746 999 2016 1046 municipiis,
2058 999 2117 1035 sic
2152 999 2381 1042 Volaterris

189 1063 352 1101 quoque
380 1051 600 1090 biennium
636 1065 659 1089 a
699 1064 740 1088 se
771 1052 943 1089 obsessis
980 1052 1188 1088 civitatem
1217 1051 1454 1097 ademerat;
1493 1049 1568 1099 (cf.
1595 1051 1931 1089 Pseudo-Cicer.
1966 1061 2043 1099 pro
2072 1050 2196 1089 domo
2223 1052 2259 1100 §-
2285 1051 2408 1105 79.)”

188 1115 272 1154 qua
301 1103 465 1141 ademta
486 1104 762 1142 ¹Volaterrani
793 1104 1033 1142 commercii
1059 1104 1156 1141 iure
1185 1103 1369 1141 destituti
1396 1115 1420 1141 a
1448 1103 1602 1141 civibus
1630 1101 1885 1140 hereditates
1913 1102 2030 1143 adire
2056 1114 2144 1141 non
2165 1112 2377 1153 poterant.

185 1158 243 1193 At
268 1154 367 1192 huic
394 1157 459 1192 rei
489 1159 583 1193 satis
615 1158 778 1206 copiose
806 1157 1030 1206 respondet
1058 1156 1204 1193 Cicero
1236 1169 1321 1205 cap.
1348 1160 1422 1201 333
1450 1156 1646 1204 primum.
1665 1168 1728 1201 eo,
1758 1155 1869 1204 quod
1889 1156 2005 1202 ‚sicut
2031 1157 2180 1193 ceteris
2201 1157 2377 1207 legibus,
2440 1202 2442 1204 Ι

185 1209 243 1245 sic
266 1206 368 1245 huic
396 1219 559 1257 quoquo
587 1209 670 1257 legi
700 1209 925 1246 Corneliae
950 1209 1202 1245 tralaticium
1228 1208 1335 1245 illud
1364 1210 1417 1244 sit
1445 1208 1720 1257 adscriptum:
1776 1208 1829 1245 Si
1868 1208 1994 1256 quid
2031 1208 2118 1245 ius
2157 1218 2262 1246 rron
2298 1217 2378 1246 est

186 1262 458 1309 rogarier,
489 1262 599 1298 eius
628 1273 684 1298 ea
714 1262 831 1310 lege
862 1259 1001 1297 nihil
1029 1267 1425 1309 rogatumest03
1453 1271 1682 1309 numquam
1701 1266 1838 1298 autem
1860 1260 1940 1296 civi
1956 1260 2149 1298 Romano
2168 1262 2376 1300 civitatem

187 1312 319 1349 adimi
346 1324 479 1360 posse,
510 1313 580 1349 sed
610 1314 643 1349 si
673 1315 761 1361 quis
790 1314 954 1349 civitate
984 1314 1185 1360 privetur,
1215 1311 1297 1348 hoc
1323 1313 1380 1348 ita
1410 1320 1576 1350 tantum
1602 1312 1696 1349 fieri
1721 1323 1854 1360 posse,
1883 1319 1929 1348 ut
1946 1313 2035 1361 ipse
2053 1325 2144 1350 eam
2161 1315 2375 1363 deponere

185 1364 388 1402 videatur.
420 1364 482 1401 Cf.
512 1377 588 1414 pro
618 1365 753 1403 domo.
783 1366 817 1413 S.
847 1368 1014 1410 77—82.
1044 1377 1119 1413 pro
1139 1363 1239 1401 Caio
1268 1364 1439 1402 Rabirio
1469 1364 1578 1412 §.11.
1610 1365 1725 1402 Caes.
1753 1365 1863 1413 apud
1892 1364 2055 1403 Sallust.
2083 1364 2282 1412 Castu,
2311 1370 2374 1410 00.

186 1416 357 1453 Nam-si
383 1417 564 1453 Romaui
591 1430 711 1454 reum
743 1418 886 1466 capitis
917 1418 1159 1459 damnatum
1189 1417 1356 1453 civitate
1384 1417 1550 1464 privare
1580 1416 1759 1460 vellent,
1798 1428 1903 1464 aqua
1940 1423 1982 1452 et
2007 1417 2099 1466 igni
2131 1419 2171 1454 ei
2197 1419 2371 1456 interdi·
2395 1439 2399 1441 v

187 1468 358 1512 cebant;
388 1480 468 1517 qua
494 1468 813 1514 interdictione,
842 1469 923 1504 nisi
951 1469 1047 1505 ae‘re
1074 1468 1161 1505 solo
1188 1467 1274 1506 frui
1301 1481 1350 1506 ac
1375 1468 1464 1516 tegi
1491 1468 1640 1513 vellet,
1671 1468 1885 1505 civitatem
1911 1468 2147 1508 Romanam
2173 1470 2372 1509 deserere

188 1527 231 1558 et
257 1521 302 1556 in
330 1519 459 1557 aliam
489 1521 673 1569 migrare
704 1521 951 1569 cogebatur,
988 1520 1185 1568 quoniam
1220 1532 1347 1558 nemo
1386 1532 1483 1558 eum
1518 1527 1629 1558 tecto
1656 1520 1909 1569 recipiebat,
1945 1532 2028 1559 nec
2054 1534 2159 1571 aqua
2187 1531 2258 1561 ant
2282 1519 2372 1573 igni

191 1572 425 1621 ceterisque
453 1572 591 1617 rebus,
622 1572 769 1622 quibus
798 1573 881 1610 vita
911 1573 1162 1618 continetur,
1189 1573 1368 1610 iuvabat.
1423 1573 1631 1610 Similiter
1660 1572 1870 1610 civitatem
1888 1573 2123 1613 Romanam
2149 1575 2184 1613 ii
2210 1577 2373 1615 amitte·

185 1625 313 1669 bant,
352 1624 422 1672 qui
459 1632 530 1662 aut
567 1625 620 1661 ad
656 1637 837 1674 poenam
875 1625 1020 1673 capitis
1057 1623 1341 1673 effugiendam
1376 1636 1448 1662 sua
1483 1632 1630 1674 sponte
1657 1625 1705 1661 in
1732 1625 1907 1663 exilium
1932 1625 2069 1673 irent,
2105 1635 2177 1666 aut
2202 1628 2373 1668 alterius

190 1676 369 1716 civitatis
406 1677 470 1714 ius
508 1678 767 1727 acciperent,
819 1677 836 1726 (
848 1677 1183 1727 quandoquidem
1219 1677 1397 1715 duarum
1436 1676 1652 1715 civitatum
1693 1677 1792 1714 civis
1834 1689 1886 1715 ex
1921 1677 2082 1728 legibus
2119 1692 2247 1720 nemo
2283 1694 2371 1721 esse

187 1736 377 1781 poterat,
419 1729 469 1767 cf.
499 1743 575 1781 pro
605 1730 722 1769 Ballo
753 1731 787 1781 §.
815 1735 880 1774 30.
920 1730 1085 1767 Coi-nel.
1115 1730 1219 1781 Nep.
1245 1731 1369 1768 Attic.
1397 1729 1461 1778 3.)
1506 1737 1578 1769 aut
1602 1731 1649 1768 in
1677 1730 1857 1768 colenias
1884 1731 2053 1770 Latinas
2081 1733 2257 1772 abirent.
2291 1736 2368 1784 (cf.

188 1797 267 1833 pro
296 1782 420 1828 domo
451 1783 484 1830 §-
516 1784 606 1833 78.)
661 1784 742 1821 Eos
773 1798 891 1827 vero,
922 1784 992 1832 qui
1019 1784 1216 1821 militiam
1245 1784 1539 1828 detrectarent,
1567 1791 1638 1821 aut
1667 1795 1835 1821 censum
1863 1784 2214 1835 subterfugerent,
2243 1797 2369 1838 quum

187 1835 390 1873 venderet
417 1836 607 1884 populus,
637 1848 723 1872 non
754 1848 838 1873 esse
868 1835 1022 1872 liberos
1049 1835 1273 1881 iudicabat,
1305 1836 1414 1885 quod
1444 1848 1492 1873 ea
1512 1835 1650 1873 officia
1670 1846 1718 1874 ac
1736 1845 1926 1881 munera,
1956 1849 2062 1886 quae
2078 1839 2159 1876 civi
2176 1840 2366 1879 Romano

185 1888 358 1938 propria
394 1895 529 1924 essent
565 1900 612 1924 ac
647 1890 875 1937 primaria,
914 1889 1117 1925 sustinere
1154 1889 1330 1925 nollent.
1413 1889 1469 1933 Ut
1506 1901 1605 1926 vero
1642 1889 1737 1938 lege
1774 1889 1992 1934 Cornelia,
2032 1904 2111 1939 qua
2140 1895 2366 1942 municipia

145 1944 152 1949 ‘
187 1941 353 1977 civitate
382 1939 690 1988 spoliabantur,
728 1941 838 1978 nihil
876 1947 1021 1977 contra
1050 1940 1258 1977 Caecinae
1296 1952 1460 1978 causam
1491 1940 1603 1979 effici
1637 1952 1755 1991 posse
1784 1943 2062 1987 demonstret,
2104 1944 2253 1983 Cicero
2281 1958 2366 1983 non

188 1993 323 2030 solum
364 1992 470 2029 illud
509 2002 831 2037 commemorat,
870 1994 1006 2042 legem
1042 1992 1164 2032 illam
1202 2005 1287 2029 non
1323 1994 1449 2039 modo
1487 2001 1630 2030 contra
1668 1995 1730 2030 ius
1768 2001 1809 2031 et
1844 1995 1904 2031 fas
1934 2006 2020 2031 esse
2049 1995 2199 2042 latam,
2238 2009 2365 2046 quum

186 2045 374 2094 potentia
401 2045 663 2092 praevaleret
684 2047 793 2083 Sulla
823 2059 872 2081 a:
900 2058 969 2080 suo
999 2044 1172 2080 arbitrio
1199 2057 1264 2080 res
1292 2046 1501 2082 Romanas
1529 2046 1853 2089 administraret,
1882 2046 1953 2082 sed
1982 2048 2106 2084 etiam
2125 2050 2365 2096 exemplum

189 2097 285 2135 satis
307 2096 568 2144 perspicuum
582 2098 799 2135 Arretinae
818 2097 1007 2134 mulieris
1027 2098 1233 2144 proponit,
1264 2109 1388 2144 quam
1407 2097 1498 2145 ipse
1517 2097 1632 2135 Sulla
1650 2098 1742 2134 vivo
1763 2105 1905 2134 contra
1924 2098 2087 2137 Cottam
2110 2101 2365 2139 defenderat.

190 2151 330 2197 Quum
360 2149 471 2185 enim
499 2149 576 2192 iis,
615 2151 685 2198 qui
713 2163 797 2187 non
827 2157 959 2187 essent
994 2150 1040 2184 in
1070 2149 1222 2185 civium
1250 2160 1449 2194 nurnero,
1485 2149 1581 2198 lege
1609 2162 1733 2197 agere
1762 2162 1845 2186 non
1875 2151 2039 2195 liceret,
2078 2154 2154 2201 (cf.
2185 2154 2364 2192 Huschk.

187 2200 323 2239 Anall.
354 2199 432 2236 litt.
450 2204 662 2249 pag.216.)
709 2203 892 2240 Arretini
922 2213 1096 2249 quoque,
1126 2201 1276 2248 quippe
1306 2201 1450 2248 quibus
1472 2202 1586 2239 Sulla
1616 2203 1824 2238 civitatem
1846 2203 2076 2246 ademisset,
2107 2215 2363 2245 sacramento

190 2265 316 2304 agere
343 2264 430 2290 non
457 2261 672 2303 poterant3
711 2263 800 2293 erat
829 2255 942 2291 enim
971 2254 1076 2291 actio
1105 2260 1360 2290 sacramento
1390 2265 1473 2291 una
1501 2266 1553 2292 ex
1581 2254 1763 2303 quinque
1791 2254 1893 2302 legis
1922 2254 2175 2302 actionibus,
2216 2260 2364 2308 quibus

190 2307 287 2343 solis
318 2305 473 2343 civibus
502 2307 700 2343 Romanis
729 2310 790 2344 ius
820 2321 936 2344 tuum
966 2306 1158 2355 persequi
1185 2305 1347 2342 licebat.
1374 2306 1436 2342 Cf.
1456 2307 1583 2343 Gaius
1610 2307 1839 2350 Institt.IV,
1872 2311 1932 2348 13.
1961 2319 2070 2357 seqq.
2126 2311 2206 2347 Sed
2235 2325 2365 2361 quum

190 2358 414 2397 decemviri
443 2358 558 2396 Sulla
589 2360 679 2396 vivo
709 2362 864 2397 iustum
902 2371 987 2397 esse
1022 2357 1129 2395 illud
1164 2365 1466 2396 sacramentum
1501 2359 1771 2403 iudicassent,
1811 2359 2034 2398 Caecinam
2069 2374 2256 2412 quoque,
2294 2369 2365 2415 qui

187 2414 234 2449 in
262 2410 390 2447 simili
420 2407 523 2447 es'set
555 2408 705 2458 causa,
733 2415 796 2449 ius
825 2426 944 2449 suum
972 2412 1126 2448 iudicio
1154 2412 1346 2459 persequi
1375 2423 1490 2459 posse
1519 2418 1711 2459 apertum
1739 2419 1838 2449 erat.
1900 2414 2092 2462 Denique
2123 2427 2221 2454 vero
2249 2419 2364 2458 Sulla

188 2464 294 2503 hauc
321 2464 460 2511 legem
487 2463 544 2499 ita
573 2465 693 2510 tulit,
731 2472 777 2504 ut
816 2477 919 2502 nexa
958 2471 1079 2513 atque
1106 2463 1355 2501 hereditates
1393 2464 1723 2513 municipiorum
1750 2476 1834 2502 non
1862 2465 2054 2512 tolleret,
2089 2470 2284 2516 quoniam
2315 2485 2363 2511 eo

187 2519 280 2554 iure
318 2515 546 2563 municipes
587 2528 671 2551 esse
710 2518 868 2562 voluit,
908 2529 987 2566 quo
1027 2522 1163 2552 essent
1196 2517 1503 2555 Ariminenses.
1543 2517 1613 2564 qui
1646 2529 1668 2553 a
1699 2517 1855 2554 civibus
1883 2519 2084 2555 Romanis
2112 2520 2367 2563 hereditates

189 2569 377 2616 accipere
406 2574 608 2616 poterant.
640 2568 700 2604 Cf.
724 2571 838 2606 Orat.
869 2581 944 2617 pro
965 2569 1101 2606 domo.
1129 2568 1236 2616 §.79.
1293 2568 1500 2617 „Populus
1530 2568 1755 2606 Romanus
1770 2570 1815 2606 L.
1835 2571 1950 2608 Sulla
1978 2571 2178 2610 dictatore
2202 2574 2367 2617 ferente

190 2621 368 2658 comitiis
398 2621 638 2656 centuriatis
666 2623 903 2671 municipiis
932 2623 1138 2658 civitatem
1170 2622 1344 2665 ademit3
1375 2621 1529 2657 ademit
1555 2622 1705 2658 iisdem
1725 2634 1856 2670 agros.
1913 2624 1979 2660 De
1998 2625 2107 2674 agris
2125 2632 2262 2665 ratum
2286 2640 2366 2677 est3

188 2674 268 2710 fuit
297 2674 410 2710 enim
440 2673 585 2721 populi
613 2681 812 2721 potestas3
852 2675 902 2710 de
941 2675 1110 2711 civitate
1150 2685 1200 2708 ne
1239 2681 1324 2710 tam
1357 2674 1426 2710 diu
1464 2674 1632 2723 quidem
1673 2674 1823 2719 valuit,
1861 2671 2058 2725 ‘quamdiu
2092 2677 2368 2721 illa-Sullani

178 2720 387 2772 ”temporis
417 2737 532 2764 arma
563 2726 792 2764 valuerunt.
845 2727 967 2764 Hanc
1004 2739 1102 2764 vero
1133 2726 1438 2769 Volaterranis,
1476 2739 1607 2774 quum
1646 2728 1861 2765 etiamtum
1902 2736 2019 2766 era-nt
2055 2730 2101 2766 in
2130 2734 2281 2777 armis,
2321 2738 2366 2774 L.

192 2778 304 2814 Sulla
335 2778 466 2813 victor
495 2778 709 2826 republica
737 2786 982 2828 recuperata
1003 2779 1179 2816 comitiis
1205 2779 1444 2815 centuriatis
1466 2779 1677 2815 civitatem
1696 2781 1858 2827 eripere
1879 2793 1962 2817 non
1982 2783 2134 2829 potnit,
2160 2784 2366 2836 hodieque

189 2829 453 2866 Volaterrani
481 2841 567 2866 non
595 2832 720 2869 modo
751 2833 873 2876 cives,
902 2832 974 2868 sed
1002 2833 1128 2869 etiam
1156 2831 1302 2879 optimi
1333 2832 1437 2871 cives
1465 2832 1660 2868 fruuntur
1680 2832 1896 2870 nobiscum
1915 2833 2137 2873 simulhac
2155 2838 2367 2877 civitate.“

190 2883 311 2919 Hisce
338 2882 466 2930 igitur
494 2886 750 2929 argumentis
788 2885 831 2921 L.
859 2885 973 2928 Piso,
1013 2886 1083 2933 qui
1111 2884 1335 2921 Caecinam
1364 2883 1615 2920 Caesenniae
1642 2882 1925 2923 hereditatem
1952 2887 2070 2924 adire
2096 2892 2215 2936 posse
2243 2903 2367 2942 nega-

192 2941 329 2977 verat,
368 2933 462 2971 satis
491 2945 695 2982 superque
723 2937 923 2974 refutatus
952 2936 1127 2974 videtur.
1192 2935 1302 2974 Nam
1329 2934 1579 2973 Ciceronem
1610 2948 1679 2980 ea,
1717 2949 1821 2986 quae
1851 2939 1902 2975 de
1930 2938 2023 2987 lege
2053 2939 2276 2988 Cornelia,
2317 2947 2368 2983 ‹le

195 2999 311 3024 causa
341 2986 561 3023 Arretinae
588 2987 799 3035 mulieris,
838 2990 888 3027 de
915 2990 1007 3027 iure
1034 2988 1363 3027 Ariminensium
1391 2988 1513 3033 dicit,
1542 2995 1706 3028 tantum
1732 2997 1779 3027 ut
1806 3002 1950 3028 causae
1978 2993 2174 3039 serviret,
2202 2995 2367 3037 finxisse

2597 3157 2643 3197 [⁵-
2629 3109 2633 3112 -

2611 3013 2690 3197 &aaa
